@article{DBLP:journals/mscs/Uemura23,
  author       = {Taichi Uemura},
  title        = {A general framework for the semantics of type theory},
  journal      = {Math. Struct. Comput. Sci.},
  volume       = {33},
  number       = {3},
  pages        = {134--179},
  year         = {2023},
  url          = {https://doi.org/10.1017/s0960129523000208},
  doi          = {10.1017/S0960129523000208},
  timestamp    = {Fri, 22 Mar 2024 08:56:16 +0100},
  biburl       = {https://dblp.org/rec/journals/mscs/Uemura23.bib},
  bibsource    = {dblp computer science bibliography, https://dblp.org}
}



@inproceedings{DBLP:conf/aplas/AhrensLN24,
  author       = {Benedikt Ahrens and
                  Peter LeFanu Lumsdaine and
                  Paige Randall North},
  editor       = {Oleg Kiselyov},
  title        = {Comparing Semantic Frameworks for Dependently-Sorted Algebraic Theories},
  booktitle    = {Programming Languages and Systems - 22nd Asian Symposium, {APLAS}
                  2024, Kyoto, Japan, October 22-24, 2024, Proceedings},
  series       = {Lecture Notes in Computer Science},
  volume       = {15194},
  pages        = {3--22},
  publisher    = {Springer},
  year         = {2024},
  url          = {https://doi.org/10.1007/978-981-97-8943-6\_1},
  doi          = {10.1007/978-981-97-8943-6\_1},
  timestamp    = {Sat, 30 Nov 2024 21:09:59 +0100},
  biburl       = {https://dblp.org/rec/conf/aplas/AhrensLN24.bib},
  bibsource    = {dblp computer science bibliography, https://dblp.org}
}


@article{DBLP:journals/corr/abs-2009-05539,
  author       = {Andrej Bauer and
                  Philipp G. Haselwarter and
                  Peter LeFanu Lumsdaine},
  title        = {A general definition of dependent type theories},
  journal      = {CoRR},
  volume       = {abs/2009.05539},
  year         = {2020},
  url          = {https://arxiv.org/abs/2009.05539},
  eprinttype    = {arXiv},
  eprint       = {2009.05539},
  timestamp    = {Fri, 18 Sep 2020 15:17:35 +0200},
  biburl       = {https://dblp.org/rec/journals/corr/abs-2009-05539.bib},
  bibsource    = {dblp computer science bibliography, https://dblp.org}
}

@misc{agda:unimath,
  author = {Rijke, Egbert and Bonnevier, Elisabeth and Prieto-Cubides, Jonathan and Bakke, Fredrik and {others}},
  license = {MIT},
  title = {{Univalent mathematics in {A}gda}},
  howpublished = {\url{https://github.com/UniMath/agda-unimath/}}
}

@misc{hott:agda,
title = {{HoTT-Agda}},
author = {{The {HoTT-Agda} Community}},
howpublished = {\url{https://github.com/HoTT/HoTT-Agda}}
}

@misc{cubical:agda,
title = {A standard library for {C}ubical {A}gda},
author = {{The Cubical Agda Community}},
howpublished = {\url{https://github.com/agda/cubical}}
}

@misc{agda:1lab,
  author = {{The 1Lab Development Team}},
  title = {{The 1Lab}},
  howpublished = {\url{https://1lab.dev}}
}

@misc{agda:stdlib,
title = {{A}gda Standard Library},
author = {{The Agda Community}},
howpublished = {\url{https://github.com/agda/agda-stdlib}}
}


@misc{coq:general,
title = {Coq},
author = {{The Coq Community}},
howpublished = {\url{https://coq.inria.fr}}
}


@misc{coq:univpoly,
title = {Explicit Universes},
author = {Matthieu Sozeau},
howpublished = {\url{https://coq.inria.fr/refman/addendum/universe-polymorphism.html\#explicit-universes}}
}

@article{hott:uf:in:agda,
  author       = {Mart{\'{\i}}n H{\"{o}}tzel Escard{\'{o}}},
  title        = {Introduction to Univalent Foundations of Mathematics with {A}gda},
  journal      = {CoRR},
  volume       = {abs/1911.00580 (\url{http://arxiv.org/abs/1911.00580})},
  year         = {2019},
  url          = {http://arxiv.org/abs/1911.00580},
  eprinttype    = {arXiv},
  eprint       = {1911.00580},
  timestamp    = {Mon, 11 Nov 2019 18:38:09 +0100},
  biburl       = {https://dblp.org/rec/journals/corr/abs-1911-00580.bib},
  bibsource    = {dblp computer science bibliography, https://dblp.org}
}

@misc{TypeTopology,
  title =     {{TypeTopology}},
  author =     {Mart\'in H\"otzel Escard\'o and others},
  note =     {Agda development},
  howpublished = {\url{https://www.cs.bham.ac.uk/~mhe/TypeTopology/index.html}},
  addendum =     {\url{https://github.com/martinescardo/TypeTopology}}
}

@article{coquand:tcs2019,
  author    = {Thierry Coquand},
  title     = {Canonicity and normalization for dependent type theory},
  journal   = {Theoretical Computer Science},
  volume    = {777},
  pages     = {184--191},
  year      = {2019},
  url       = {https://doi.org/10.1016/j.tcs.2019.01.015}
}

@InProceedings{SozeauTabareau:coq,
author={Matthieu Sozeau and Nicolas Tabareau},
title="Universe Polymorphism in {Coq}",
booktitle="Interactive Theorem Proving - 5th International Conference (ITP 2014)",
year="2014",
howpublished = {\url{https://sozeau.gitlabpages.inria.fr/www/research/publications/drafts/univpoly.pdf}}
}

@InProceedings{FBB:impred2pred,
author={Thiago Felicissimo and Frédéric Blanqui and Ashish Kumar Barnawal},
title={Translating proofs from an impredicative type system to a predicative one},
booktitle="Computer Science Logic (CSL 2023)",
year="2023",
howpublished = {\url{https://arxiv.org/abs/2211.05700}}
}

@InProceedings{moura:lean,
author={Leonardo de Moura and
Soonho Kong and
Jeremy Avigad and
Floris van Doorn and
Jakob von Raumer},
title="The {Lean} Theorem Prover (system description)",
booktitle="25th International Conference on Automated Deduction (CADE-25)",
year=2015,
howpublished = {\url{https://leanprover.github.io/papers/system.pdf}}
}

@inproceedings{BezemCDE22,
  author       = {Marc Bezem and
                  Thierry Coquand and
                  Peter Dybjer and
                  Mart{\'{\i}}n Escard{\'{o}}},
  editor       = {Delia Kesner and
                  Pierre{-}Marie P{\'{e}}drot},
  title        = {Type Theory with Explicit Universe Polymorphism},
  booktitle    = {28th International Conference on Types for Proofs and Programs, {TYPES}
                  2022, June 20-25, 2022, LS2N, University of Nantes, France},
  series       = {LIPIcs},
  volume       = {269},
  pages        = {13:1--13:16},
  publisher    = {Schloss Dagstuhl - Leibniz-Zentrum f{\"{u}}r Informatik},
  year         = {2022},
  url          = {https://doi.org/10.4230/LIPIcs.TYPES.2022.13},
  doi          = {10.4230/LIPICS.TYPES.2022.13},
  timestamp    = {Tue, 01 Apr 2025 19:09:35 +0200},
  biburl       = {https://dblp.org/rec/conf/types/BezemCDE22.bib},
  bibsource    = {dblp computer science bibliography, https://dblp.org}
}

@article{BezemCDE22:revised,
journal      = {CoRR},
  author       = {Marc Bezem and
                  Thierry Coquand and
                  Peter Dybjer and
                  Mart{\'{\i}}n Escard{\'{o}}},
  title        = {Type Theory with Explicit Universe Polymorphism (reviseed and extended version)},
      		archivePrefix={arXiv},
   year={2022},
    eprint={arXiv:2212.03284},
    month={December}
}



@article{bezem:hofmann,
      title={On Generalized Algebraic Theories and Categories with Families},
      author={Marc Bezem and Thierry Coquand and Peter Dybjer and Martín Escardó},
      year={2021},
      journal={Mathematical Structures in Computer Science},
      howpublished = {\url{https://doi.org/10.1017/S0960129521000268}}
 }

@book{giraud:cohom-non-abel,
author = {Jean Giraud},
title = {Cohomologie non abélienne},
publisher = {Springer},
year = 1971,
doi = {10.1007/978-3-662-62103-5}
}

@article{bezem-coquand:lattices,
  author    = {Marc Bezem and
               Thierry Coquand},
  title     = {Loop-checking and the uniform word problem for join-semilattices with an inflationary endomorphism},
  journal   = {Theoretical Computer Science},
  volume    = {913},
  number    = {},
  pages     = {1--7},
  doi       = {10.1016/j.tcs.2022.01.017},
  year      = {2022}
}

@article{waterhouse:sheaves,
  author    = {William C. Waterhouse},
  title     = {Basically bounded functors and flat sheaves},
  journal   = {Pacific Math. J},
  volume    = {57},
  number    = {2},
  pages     = {597--610},
  year      = {1975}
}

@Misc{chambert-loir:universes-matter,
  author = {Antoine Chambert-Loir},
  title = {A presheaf that has no associated sheaf},
  howpublished = {\url{https://freedommathdance.blogspot.com/2013/03/a-presheaf-that-has-no-associated-sheaf.html}},
  year = {2013}
}


@article{curien-garner-hofmann,
  author    = {Pierre{-}Louis Curien and
               Richard Garner and
               Martin Hofmann},
  title     = {Revisiting the categorical interpretation of dependent type theory},
  journal   = {Theor. Comput. Sci.},
  volume    = {546},
  pages     = {99--119},
  year      = {2014}
}

@article{plotkin-reynolds,
  author    = {John C. Reynolds and
               Gordon D. Plotkin},
  title     = {On Functors Expressible in the Polymorphic Typed Lambda Calculus},
  journal   = {Inf. Comput.},
  volume    = {105},
  number    = {1},
  pages     = {1--29},
  year      = {1993}
}
%  url       = {https://doi.org/10.1006/inco.1993.1037},
%  doi       = {10.1006/inco.1993.1037},
%  timestamp = {Fri, 12 Feb 2021 22:16:43 +0100},
%  biburl    = {https://dblp.org/rec/journals/iandc/ReynoldsP93.bib},
%  bibsource = {dblp computer science bibliography, https://dblp.org}

@unpublished{uemura:general-framework,
  author    = {Taichi Uemura},
  title     = {A General Framework for the Semantics of Type Theory},
  journal   = {ArXiv},
  volume    = {abs/1904.04097},
  year      = {2019},
  note = {ArXiv, abs/1904.04097}
}

@article{kaposi:qiits,
  author    = {Ambrus Kaposi and
               Andr{\'{a}}s Kov{\'{a}}cs and
               Thorsten Altenkirch},
  title     = {Constructing quotient inductive-inductive types},
  journal   = {Proc. {ACM} Program. Lang.},
  volume    = {3},
  number    = {{POPL}},
  pages     = {2:1--2:24},
  year      = {2019}
  }
  
  @phdthesis{kovacs:phd,
  author       = {Andr{\'{a}}s Kov{\'{a}}cs},
  title        = {Type-Theoretic Signatures for Algebraic Theories and Inductive Types},
  school = {Eötvös Lor\and University, Doctoral School of Informatics},
  year         = {2022},
  month = {March}
}

  @inproceedings{altenkirch:thessaloniki,
  author    = {Thorsten Altenkirch and
               Paolo Capriotti and
               Gabe Dijkstra and
               Nicolai Kraus and
               Fredrik Nordvall Forsberg},
  editor    = {Christel Baier and
               Ugo Dal Lago},
  title     = {Quotient Inductive-Inductive Types},
  booktitle = {Foundations of Software Science and Computation Structures - 21st
               International Conference, {FOSSACS} 2018, Held as Part of the European
               Joint Conferences on Theory and Practice of Software, {ETAPS} 2018,
               Thessaloniki, Greece, April 14-20, 2018, Proceedings},
  series    = {Lecture Notes in Computer Science},
  volume    = {10803},
  pages     = {293--310},
  publisher = {Springer},
  year      = {2018}
  }

  @inproceedings{reynolds:impredicative,
  author    = {John C. Reynolds},
  editor    = {Gilles Kahn and
               David B. MacQueen and
               Gordon D. Plotkin},
  title     = {Polymorphism is not Set-Theoretic},
  booktitle = {Semantics of Data Types, International Symposium, Sophia-Antipolis,
               France, June 27-29, 1984, Proceedings},
  series    = {Lecture Notes in Computer Science},
  volume    = {173},
  pages     = {145--156},
  publisher = {Springer},
  year      = {1984}
}

@book{freyd:abelian,
author = {Peter Freyd},
title = {Abelian Categories},
publisher = {Harper and Row, New York},
year = 1964
}

@inproceedings{awodey:impredicative,
author = {Steve Awodey and Jonas Frey and Sam Speight},
year = 2018,
title = {Impredicative Encodings of (Higher) Inductive Types},
booktitle = {Proceedings of the 33rd Annual ACM/IEEE Symposium on Logic in Computer Science (LICS '18)},
publisher = {Association for Computing Machinery, New York, NY, USA}
}

@unpublished{cartmell:gat-contextual,
  author = {John Cartmell},
  title = {Generalised Algebraic Axiomatisations of Contextual Categories},
  year = 2018,
  url = {https://www.researchgate.net/publication/325763538_Generalised_Algebraic_Axiomatisations_of_Contextual_Categories},
  note = {\url{https://www.researchgate.net/publication/325763538_Generalised_Algebraic_Axiomatisations_of_Contextual_Categories}}
}

@incollection{castellan:lambek,
  author    = {Simon Castellan and
               Pierre Clairambault and
               Peter Dybjer},
  title     = {Categories with Families: Unityped, Simply Typed, and Dependently
               Typed},
  booktitle = {Joachim Lambek:  The Interplay of Mathematics, Logic, and Linguistics},
  editor = {Claudia Casadio and Philip J. Scott},
  publisher = {Springer},
  year = 2021,
  series = {Outstanding Contributions to Logic, Editor-in-Chief:
Sven-Ove Hansson} ,
}

@article{castellan:lambek-archive,
  author    = {Simon Castellan and
               Pierre Clairambault and
               Peter Dybjer},
  title     = {Categories with Families: Unityped, Simply Typed, and Dependently
               Typed},
  note = {ArXiv, abs/1904.04097},
  year      = {2019},
  url       = {http://arxiv.org/abs/1904.00827},
  archivePrefix = {arXiv},
  eprint    = {1904.00827},
  timestamp = {Wed, 24 Apr 2019 12:21:25 +0200},
  biburl    = {https://dblp.org/rec/journals/corr/abs-1904-00827.bib},
  bibsource = {dblp computer science bibliography, https://dblp.org}
}

@inproceedings {MR519801,
    AUTHOR = {Aczel, Peter},
     TITLE = {The type theoretic interpretation of constructive set theory},
 BOOKTITLE = {Logic {C}olloquium '77 ({P}roc. {C}onf., {W}roc\l aw, 1977)},
    SERIES = {Stud. Logic Foundations Math.},
    VOLUME = {96},
     PAGES = {55--66},
 PUBLISHER = {North-Holland, Amsterdam-New York},
      YEAR = {1978},
   MRCLASS = {03F65 (03E70)},
  MRNUMBER = {519801},
MRREVIEWER = {Herman R. Jervell},
}

@article{palmgrenvickers,
  author    = {Erik Palmgren and
               Steven J. Vickers},
  title     = {Partial {Horn} logic and cartesian categories},
  journal   = {Ann. Pure Appl. Log.},
  volume    = {145},
  number    = {3},
  pages     = {314--353},
  year      = {2007},
  url       = {https://doi.org/10.1016/j.apal.2006.10.001},
  doi       = {10.1016/j.apal.2006.10.001},
  timestamp = {Fri, 21 Feb 2020 21:18:56 +0100},
  biburl    = {https://dblp.org/rec/journals/apal/PalmgrenV07.bib},
  bibsource = {dblp computer science bibliography, https://dblp.org}
}

@inproceedings{birkhoff,
  author = {Garret Birkhoff},
  title = {On the structure of abstract algebras},
  volume = 31,
  pages = {433–454},
  year = 1935,
  booktitle = {Proceeding of the Cambridge Philosophical Society}
}

@inproceedings{nordvallforsberg:iids,
  author    = {Fredrik Nordvall Forsberg and
               Anton Setzer},
  editor    = {Anuj Dawar and
               Helmut Veith},
  title     = {Inductive-Inductive Definitions},
  booktitle = {Computer Science Logic, 24th International Workshop, {CSL} 2010, 19th
               Annual Conference of the EACSL, Brno, Czech Republic, August 23-27,
               2010. Proceedings},
  series    = {Lecture Notes in Computer Science},
  volume    = {6247},
  pages     = {454--468},
  publisher = {Springer},
  year      = {2010},
  url       = {https://doi.org/10.1007/978-3-642-15205-4\_35},
  doi       = {10.1007/978-3-642-15205-4\_35},
  timestamp = {Tue, 14 May 2019 10:00:42 +0200},
  biburl    = {https://dblp.org/rec/conf/csl/ForsbergS10.bib},
  bibsource = {dblp computer science bibliography, https://dblp.org}
}

@inproceedings{altenkirch:qiits,
  author    = {Thorsten Altenkirch and
               Ambrus Kaposi},
  editor    = {Rastislav Bod{\'{\i}}k and
               Rupak Majumdar},
  title     = {Type theory in type theory using quotient inductive types},
  booktitle = {Proceedings of the 43rd Annual {ACM} {SIGPLAN-SIGACT} Symposium on
               Principles of Programming Languages, {POPL} 2016, St. Petersburg,
               FL, USA, January 20 - 22, 2016},
  pages     = {18--29},
  publisher = {{ACM}},
  year      = {2016},
  url       = {https://doi.org/10.1145/2837614.2837638},
  doi       = {10.1145/2837614.2837638},
  timestamp = {Sun, 02 Jun 2019 21:12:57 +0200},
  biburl    = {https://dblp.org/rec/conf/popl/AltenkirchK16.bib},
  bibsource = {dblp computer science bibliography, https://dblp.org}
}

@unpublished{brunerie:initiality,
author = {Guillaume Brunerie},
title = {A formalization of the initiality conjecture in {Agda}},
howpublished = {\url{https://guillaumebrunerie.github.io/pdf/initiality.pdf}},
year = 2019,
note = {Slides from a talk about joint work with Menno de Boer, Peter Lumsdaine, and Anders Mörtberg, at HoTT, CMU, Pittsburgh}
}

@inproceedings{allen,
  author    = {Stuart Allen},
  title     = {A Non-Type-Theoretic Definition of {Martin-L{\"{o}}f's} Types},
  booktitle = {Proceedings of the Symposium on Logic in Computer Science {(LICS}
               '87), Ithaca, New York, USA, June 22-25, 1987},
  pages     = {215--221},
  year      = {1987}
}

@inproceedings{Assaf14,
  author    = {Ali Assaf},
  title     = {A Calculus of Constructions with Explicit Subtyping},
  booktitle = {20th International Conference on Types for Proofs and Programs, {TYPES}
               2014, May 12-15, 2014, Paris, France},
  pages     = {27--46},
  year      = {2014},
}

@book{NordstromPS90,
    title = {Programming in Martin-L{\"o}f’s type theory},
    volume = 7,
    series = {International Series of Monographs on Computer Science},
    publisher = {Clarendon Press, Oxford},
    year = 1990,
    author = {Bengt Nordstr{\"o}m and Kent Petersson and Jan M Smith}
}

@unpublished{MartinLof86,
   author = {Per Martin-L{\"o}f},
   title = {Amendment to Intuitionistic Type Theory},
   note = {notes from a lecture in G{\"o}teborg},
   year = 1986
}

@article{HarperP91,
   author = {Robert Harper and Robert Pollack},
   title = {Type checking with universes},
   journal = {Theoretical Computer Science},
   volume = 89,
   year = 1991,
   pages = {107-136},
   publisher = {Elsevier}
}

@unpublished{Huet87,
   author = {G\'erard Huet},
   title = {Extending the calculus of constructions with {Type:Type}},
   note = {unpublished manuscript},
   month = {April},
   year = 1987
}

@Misc{VV,
  author = {Vladimir Voevodsky},
  title = {Universe polymorphic type system},
  howpublished = {\url{http://www.math.ias.edu/Voevodsky/voevodsky-publications_abstracts.html\#UPTS}},
  year = {2014}
}

@Misc{bcde:largegroup,
  author = {Marc Bezem and Thierry Coquand and Peter Dybjer and Martín Escardó},
  title = {The {Burali-Forti} argument in {HoTT/UF} with applications to the type of groups in a universe},
  howpublished = {\url{https://www.cs.bham.ac.uk/~mhe/TypeTopology/Ordinals.BuraliForti.html}},
  year = 2022
}

@Misc{escardo:UFinAgda,
  author = {Martín Escardó},
  title = {{Introduction to Univalent Foundations of Mathematics in Agda}},
  howpublished = {\url{https://www.cs.bham.ac.uk/~mhe/HoTT-UF-in-Agda-Lecture-Notes/HoTT-UF-Agda.html\#275277}},
  year = 2022
}

@inproceedings{BNR08,
  author = {M.A.~Bezem and R.~Nieuwenhuis and E.~Rodr\'iguez},
  title = {The Max-Atom Problem and its Relevance},
  editors = {I.~Cervesato and H.~Veith and A.~Voronkov},
  booktitle = {Proceedings LPAR-15},
  series = {LNAI},
  number = 5330,
  pages = {47--62},
  publisher = {Springer-Verlag, Berlin},
  year = 2008
}

@unpublished{CastellanCD19,
  author = {Simon Castellan and Pierre Clairambault and Peter Dybjer},
  title = {Categories with Families: Unityped, Simply Typed, and Dependently Typed},
  year = 2019,
  month = {April},
  note = {{\tt arXiv:1904.00827}}
}

@unpublished{Trimble:nlab,
  author = {Todd Trimble},
  title = {Towards a doctrine of operads},
  note = {Article in nlab \url{https://ncatlab.org/toddtrimble/published/Towards+a+doctrine+of+operads#cartesian_operads_are_equivalent_to_lawvere_theories}},
  year = {2013 (accessed 8 March 2019)}
}

@unpublished{Fiore12,
  author = {Marcelo Fiore},
  title = {Discrete Generalised Polynomial Functors},
  note = {Slides for a talk given at the 39th International Colloquium on Automata, Languages and Programming (ICALP)},
  year = 2012
}

@article{AhrensLV18,
  author    = {Benedikt Ahrens and
               Peter LeFanu Lumsdaine and
               Vladimir Voevodsky},
  title     = {Categorical structures for type theory in univalent foundations},
  journal   = {Logical Methods in Computer Science},
  volume    = {14},
  number    = {3},
  year      = {2018}
}

@inproceedings{castellan:tlca2015,
  author    = {Simon Castellan and
               Pierre Clairambault and
               Peter Dybjer},
  title     = {Undecidability of Equality in the Free Locally Cartesian Closed Category},
  booktitle = {13th International Conference on Typed Lambda Calculi and Applications,
               {TLCA} 2015, July 1-3, 2015, Warsaw, Poland},
  pages     = {138--152},
  year      = {2015}
}

@InProceedings{dybjer:torino,
  author =   {Peter Dybjer},
  title =    {Internal Type Theory},
  booktitle =    {TYPES '95, Types for Proofs and Programs},
  number =   1158,
  series =   {Lecture Notes in Computer Science},
  year =     1996,
  publisher = {Springer},
  pages =    {120-134}
}

@article{castellan:lmcs,
  author    = {Simon Castellan and
               Pierre Clairambault and
               Peter Dybjer},
  title     = {Undecidability of Equality in the Free Locally Cartesian Closed Category
               (Extended version)},
  journal   = {Logical Methods in Computer Science},
  volume    = {13},
  number    = {4},
  year      = {2017}
}

@article{Burroni80,
  author    = {Albert Burroni},
  title     = {Alg{\`{e}}bres Graphiques, 3{\`{e}}me colloque sur les cat{\'{e}}gories},
  journal   = {Cahiers de top.~et g{\'{e}}om.~diff.~},
  volume    = {23},
  pages     = {249--65},
  year      = {1981}
}

@article{Awodey18,
  author    = {Steve Awodey},
  title     = {Natural models of homotopy type theory},
  journal   = {Mathematical Structures in Computer Science},
  volume    = {28},
  number    = {2},
  pages     = {241--286},
  year      = {2018}
}

@MastersThesis{Brilakis18,
    author     =     {Konstantinos Brilakis},
    title     =     {{On Initial Categories with Families --
Formalization of Unityped and Simply Typed CwFs in {Agda}}},
    school     =     {Chalmers University of Technology},
    year     =     {2018},
    }

@inproceedings{AbadiCCL90,
  author    = {Mart{\'{\i}}n Abadi and
               Luca Cardelli and
               Pierre{-}Louis Curien and
               Jean{-}Jacques L{\'{e}}vy},
  title     = {Explicit Substitutions},
  booktitle = {Conference Record of the Seventeenth Annual {ACM} Symposium on Principles
               of Programming Languages, San Francisco, California, USA, January
               1990},
  pages     = {31--46},
  year      = {1990}
}

@inproceedings{Obtulowicz77,
  author = {Adam {Obtu\l owicz}},
  title = {Functorial semantics of the type free lambda-betaeta calculus},
  booktitle = {{Foundations of Computation Theory}},
  pages     = {302--307},
  year      = {1977}
}

@inproceedings{VoevodskyF17,
  author = {Marcelo Fiore and Vladimir Voevodsky},
  title = {Lawvere theories and {C-systems}},
  year = 2017,
  note = {Accepted for publication in
  Proceedings of the American Mathematical Society}
}

@article{HylandP07,
  author    = {Martin Hyland and
               John Power},
  title     = {The Category Theoretic Understanding of Universal Algebra: Lawvere
               Theories and Monads},
  journal   = {Electr. Notes Theor. Comput. Sci.},
  volume    = {172},
  pages     = {437--458},
  year      = {2007}
  }

  @article{Curien86,
  author    = {Pierre{-}Louis Curien},
  title     = {Categorical Combinators},
  journal   = {Information and Control},
  volume    = {69},
  number    = {1-3},
  pages     = {188--254},
  year      = {1986}
  }

  @InCollection{PittsAM:catl,
  author =	 {A. M. Pitts},
  title =	 {Categorical Logic},
  booktitle =	 {Handbook of Logic in Computer Science, Volume
                  5. Algebraic and Logical Structures},
  publisher =	 {Oxford University Press},
  year =	 2000,
  pages =	 {39--128},
  chapter =	 2,
  editor =	 {S. Abramsky and D. M. Gabbay and T. S. E. Maibaum},
  isbn =	 {0-19-853781-6},
  url =		 {http://www.oup.co.uk/isbn/0-19-853781-6}
}
@unpublished{mimram:cwf,
author = {Samuel Mimram},
title = {Decidability of Equality in
Categories with Families},
note = {Report, Magist\`ere d'Informatique et Modelisation, \'Ecole
                  Normale Superieure de Lyon,
                  \url{http://www.pps.jussieu.fr/~smimram/}},
year = 2004
}

@inproceedings{martinlof:predicative,
author  = "Martin-L{\"o}f, Per",
title   = "An Intuitionistic Theory of Types: Predicative Part",
booktitle= "Logic Colloquium `73",
year    = 1975,
pages   = "73-118",
editor = "H. E. Rose and J. C. Shepherdson",
publisher = "North Holland"}

@inproceedings{martinlof:hannover,
author  = "Martin-L{\"o}f, Per",
title   = "Constructive Mathematics and Computer Programming",
booktitle= "Logic, Methodology and Philosophy of Science, VI, 1979",
year    = 1982,
pages   = "153-175",
publisher = "North-Holland"}

@book{martinlof:padova,
author  = "Martin-L{\"o}f, Per",
title   = "Intuitionistic Type Theory",
year    = 1984,
publisher = "Bibliopolis"}

@unpublished{martinlof:gbg86,
author  = "Martin-L{\"o}f, Per",
title   = "Amendment to Intuitionistic Type Theory",
note    = "Notes from a lecture given in {G}{\"o}teborg",
year    = 1986,
month   = "March"}

@book{kleene,
author = {S. C. Kleene},
title = {Introduction to Meta-Mathematics},
publisher = {North-Holland},
year = 1952
}

@book{hayashi:px,
author = {Susumu Hayashi and Hiroshi Nakano},
year = 1989,
title = {PX: a Computational Logic},
publisher = {MIT Press}
}

@incollection{miquel:popper,
author = {Alexandre Miquel},
title = {The reasonable effectiveness of mathematical proof},
booktitle = {Anachronismes logiques},
series = {Logique, Langage, Sciences, Philosophie, aux Publications de la Sorbonne},
editor = {Myriam Quatrini and Samuel Tronçon},
note = {To appear},
year = 2010
}

@misc{pa-lcm,
author = {Susumu Hayashi},
title = {{PA/LCM} Home Page},
howpublished = {http://www.shayashi.jp/PALCM/}
}

@article{hayashi:tcs,
  author    = {Susumu Hayashi and
               Ryosuke Sumitomo and
               {Ken-ichiro} Shii},
  title     = {Towards the animation of proofs - testing proofs by examples},
  journal   = {Theoretical Computer Science},
  volume    = {272},
  number    = {1-2},
  year      = {2002},
  pages     = {177-195}
}

@article{prawitz,
author = {Dag Prawitz},
title = {Meaning and proofs: on the conflict between classical and intuitionistic logic},
journal = {Theoria},
volume = 43,
year = 1977,
pages = {11-40}
}

@inproceedings{dummett,
author = {Michael Dummett},
title = {The philosophical basis of intuitionistic logic},
editor = "H. E. Rose and J. C. Shepherdson",
booktitle = {Logic Colloquium '73},
publisher = {North Holland},
pages = {5 - 40},
year = 1973
}

@inproceedings{girard:oslo,
title = {Une extension de l'interpretation de {G\"odel} \`a l'analyse, et son application \`a l'\«elimination des coupures dans l'analyse et la th{\'e}orie des types},
author = {Jean-Yves Girard},
booktitle = {Proceedings 2nd Scandinavian Logic Symposium},
publisher = {North Holland},
year = 1971,
pages = {63-92},
editor = {J.~E.~Fenstad}
}

@article{hedberg:jfp,
author = {Michael Hedberg},
title = {A Coherence Theorem for {Martin-L\"of's} Type Theory},
journal = {Journal of Functional Programming},
year = 1998,
volume = 8,
number = 4,
pages = {413-436}
}

@inproceedings{smallcheck,
author = {Colin Runciman and Matthew Naylor and Fredrik Lindblad},
title = {{SmallCheck and Lazy SmallCheck} -
automatic exhaustive testing for small values},
booktitle = {Proceedings of the first ACM SIGPLAN symposium on Haskell},
pages = {37-48},
year = 2008
}

@book{popper,
author = {Karl Popper},
title = {Conjectures and Refutations: The Growth of Scientific Knowledge},
publisher = {Routledge},
year = 1963
}

@Article{dybjer:jlap,
  author = 	 {Peter Dybjer and Anton Setzer},
  title = 	 {Indexed Induction-Recursion},
  journal =   {Journal of Logic and Algebraic Programming},
  year = 	 2006
}

@phdthesis{allen:phd,
author = {Stuart F. Allen},
title = {A Non-Type-Theoretic Semantics for Type-Theoretic Language},
school = {Cornell University},
year = 1987,
}

@article{setzer:WellorderingProofMahlo,
author = {Setzer, Anton},
title = {Extending {M}artin-{L}{\"o}f Type Theory by one
{M}ahlo-Universe},
journal = {Arch. Math. Log.},
volume = {39},
year = {2000},
pages = {155 -- 181}
}

@article{dybjer:jsl,
author = {Peter Dybjer},
title = {A General Formulation of Simultaneous Inductive-Recursive Definitions in Type Theory},
journal = {Journal of Symbolic Logic},
volume = 65,
number = 2,
month = {June},
year = 2000,
pages = {525-549}}

@book{nordstrom:book,
title = "Programming in {Martin-L\"of's} Type Theory - an Introduction",
author = "Bengt Nordstr{\"o}m and Kent Petersson and Jan M. Smith",
publisher = "Oxford University Press",
year = 1989
}

@inproceedings{allen:lics,
booktitle = {Proceedings of Second IEEE Symposium on Logic in Computer Science},
pages = {215-224},
year = 1987,
title = {A Non-Type-Theoretic Definition of {Martin-L{\"o}f's} Types},
author = {Stuart F. Allen}
}

@unpublished{ML71,
title = {A Theory of Types},
author = {Per Martin-{L\"of}},
note = {Preprint, Stockholm University},
year = 1971
}

@unpublished{ML71a,
title = {On the strength of intuitionistic reasoning},
author = {Per Martin-{L\"of}},
note = {Preprint, Stockholm University},
year = 1971
}

@unpublished{ML72,
title = {An Intuitionistic Theory of Types},
author = {Per Martin-{L\"of}},
note = {Preprint, Stockholm University},
year = 1972
}

@article{martinlof:siena,
title = {On the Meaning of the Logical Constants and the Justifications of the Logical Laws},
author = {Per Martin-{L\"of}},
journal = {Nordic Journal of Philosophical Logic},
volume = 1,
number = 1,
year = 1996
}

@article{beeson:aml,
author = {Michael Beeson},
title = {Recursive Models for Constructive Set Theories},
journal = {Annals of Mathematical Logic},
volume = 23,
year =  1982
}

@inproceedings{abel:ise,
  author    = {Andreas Abel and
               Thierry Coquand and
               Peter Dybjer},
  title     = {On the Algebraic Foundation of Proof Assistants for Intuitionistic
               Type Theory},
  booktitle = {FLOPS},
  year      = {2008},
  pages     = {3-13}
}

@article{metaml,
  author    = {Walid Taha and
               Tim Sheard},
  title     = {MetaML and multi-stage programming with explicit annotations},
  journal   = {Theor. Comput. Sci.},
  volume    = {248},
  number    = {1-2},
  year      = {2000},
  pages     = {211-242},
  ee        = {http://dx.doi.org/10.1016/S0304-3975(00)00053-0},
  bibsource = {DBLP, http://dblp.uni-trier.de}
}

@article{plotkin:pcf,
  author    = {Gordon D. Plotkin},
  title     = {{LCF} Considered as a Programming Language},
  journal   = {Theor. Comput. Sci.},
  volume    = {5},
  number    = {3},
  year      = {1977},
  pages     = {225-255}
}

@INPROCEEDINGS{spj:gadt,
  AUTHOR = {Simon {Peyton~Jones} and Dimitrios Vytiniotis and Stephanie Weirich and Geoffrey Washburn},
  TITLE = {Simple unification-based type inference for {GADTs}},
  BOOKTITLE = {ICFP '06: Proceedings of the Eleventh ACM SIGPLAN
                     International Conference on Functional Programming},
  YEAR = {2006},
  ISBN = {1-59593-309-3},
  PAGES = {50--61},
  LOCATION = {Portland, Oregon, USA},
  DOI = {http://doi.acm.org/10.1145/1159803.1159811},
  PUBLISHER = {ACM Press},
  ADDRESS = {New York, NY, USA},
  CATTYPE = {paper},
  PDF = {http://www.cis.upenn.edu/~dimitriv/wobbly/gadt.pdf}
}

@inproceedings{hinze:popl,
    author = "Ralf Hinze",
    title = "A New Approach to Generic Functional Programming",
    booktitle = "Proceedings of the 27th Annual ACM SIGPLAN-SIGACT
    Symposium on Principles of Programming Languages, Boston, Massachusetts",
    month = "January",
    year = 2000
}

@misc{haskell,
    title = "{Haskell - HaskellWiki}",
    url = "http://www.haskell.org/"
}

@phdthesis{norell:thesis,
  author  = {Ulf Norell},
  title   = {Towards a practical programming language based on dependent type
         theory},
  school  = {Department of Computer Science and Engineering, Chalmers University of Technology},
  year    = 2007,
  month   = {September},
  address = {SE-412 96 G\"{o}teborg, Sweden}
}

@misc{agda-wiki,
  author = {Agda team},
  title = "The {Agda} Wiki",
  howpublished = {\url{https://wiki.portal.chalmers.se/agda/Main/HomePage}}
}

@misc{agda-manual,
  author = {Agda team},
  title = "The {Agda} Manual",
  url = {https://agda.readthedocs.io/en/v2.6.2.1/}
}

@book{sml,
  title = "Definition of Standard ML",
  author = "Robin Milner and Mads Tofte and Robert Harper",
  publisher = "MIT Press",
  year = "1990"
}

@inproceedings{remy:caminha,
  author    = {Didier R{\'e}my},
  title     = {Using, Understanding, and Unraveling the {OCaml} Language.
               From Practice to Theory and Vice Versa},
  booktitle = {APPSEM},
  year      = {2000},
  pages     = {413-536}
}

@misc{ocaml,
  title = "{Objective Caml}",
  url   = "http://caml.inria.fr/ocaml/index.en.html"
}

@book{bertot:coqart,
   author = "Yves Bertot and Pierre Cast{\'e}ran",
   title = "Interactive Theorem Proving and Program Development Coq'Art: The Calculus of Inductive Constructions",
   series = "Texts in Theoretical Computer Science. An EATCS Series",
   publisher = "Springer",
   year = 2004
}

@InProceedings{AC,
  author =   {Thorsten Altenkirch and Thierry Coquand},
  title =    {A Finitary Subsystem of Polymorphic $\lambda$-calculus},
  booktitle =    {Proceedings of TLCA},
  year =     2001
}

@unpublished{Aczel:finup,
author  = "Peter Aczel",
title   = "Final Universes of Processes",
year = 1994,
note = "Preprint: Dept.\ of Computer Science, Univesity of Manchester"}

@InCollection{AczelP:typti,
  author =   "Peter Aczel",
  title =    "The type theoretic interpretation of constructive
          set theory",
  booktitle =    "Logic Colloquium '77",
  publisher =    "North-Holland",
  year =     "1978",
  editor =   "A. MacIntyre and L. Pacholski and J. Paris",
  pages =    "55-66"
}

@InCollection{AczelP:typtic,
  author =   "Peter Aczel",
  title =    "The type theoretic interpretation of constructive
          set theory: choice principles",
  booktitle =    "The L. E. J. Brouwer Centenary Symposium",
  publisher =    "North-Holland",
  year =     "1982",
  editor =   "A. S. Troelstra and D. van Dalen",
  pages =    "1-40"
}

@Article{BBC,
  author =   {Stefano Berardi and Marc Bezem and Thierry Coquand},
  title =    {On the computational content of the axiom of choice},
  journal =      {J. Symbolic Logic},
  year =     {1995},
  OPTkey =   {},
  volume =   {60},
  OPTnumber =    {},
  OPTmonth =     {},
  pages =    {325--337},
  OPTnote =      {},
  OPTannote =    {}
}

@Article{BKP,
  author =   {R.~Blackwell and G.~M.~Kelly and A.~J.~Power},
  title =    {Two-dimensional monad theory},
  journal =      {J.~of Pure and Applied Algebra},
  year =     1989,
  volume =   59,
  pages =    {1--41}
}

@Article{BenabouJ:fibcfn,
  label = "Bénabou, 1985",
  author =   "Jean B{\'{e}}nabou",
  title =    "Fibred Categories and the Foundation of Naive
          Category Theory",
  journal =  "Journal of Symbolic Logic",
  year =     1985,
  volume =   50,
  pages =    "10-37"
}

@inproceedings{BergerU:inveft,
author  = "Ulrich Berger and Helmut Schwichtenberg",
title   = "An Inverse to the Evaluation Functional for
           Typed $\lambda$-calculus",
booktitle = "Proceedings of the 6th Annual IEEE Symposium on
             Logic in Computer Science, Amsterdam",
month   = "July",
year    = 1991,
pages   = "203-211"}

@PhdThesis{BetarteTh,
  author =   {Gustavo Betarte},
  title =    {Dependent Record Types
    and Algebraic Structures in type Theory},
  school =   {Chalmers University of Technology / G\"oteborg University},
  year =     1997
}

@Unpublished{BeylinI:shofpc,
  author =   "Ilya Beylin and Peter Dybjer",
  title =    "A short formal proof of coherence for monoidal categories",
  note =     "Draft paper",
  OPTcrossref =  "",
  OPTkey =   "",
  year =     "1995",
  month =    "February",
  OPTannote =    ""
}

@inproceedings   {BruceCardelliPierce96,
author       =   {Kim B. Bruce and Luca Cardelli and Benjamin C. Pierce},
title        =   {Comparing Object Encodings},
booktitle    =   {Theoretical Aspects of Computer Software (TACS),
                  Sendai, Japan},
year         =   1997,
month        =   sep,
note         =   {An earlier version was presented as an invited lecture
                  at the Third International Workshop on Foundations of
                  Object Oriented Languages (FOOL 3), July 1996},

}

@Unpublished{CC99,
  author =   {Catarina Coquand and Thierry Coquand},
  title =    {Structured Type Theory},
  note =     {Presented at the 2nd workshop on Logical Framework, Paris, 1999},
  OPTkey =   {},
  OPTyear =      {},
  OPTmonth =     {},
  OPTannote =    {}
}

@Article{CH,
  author =   {Thierry Coquand and Martin Hofmann},
  title =    {A new method for establishing conservativity of classical systems over their intuitionistic version},
  journal =      {Math. Structures Comput. Sci.},
  year =     1999,
  volume =   9,
  number =   4,
  pages =    {323--333}
}

@Article{CP3,
  author =   {Thierry Coquand and Erik Palmgren},
  title =    {Intuitionistic choice and classical logic},
  journal =      {Arch. Math. Logic},
  year =     2000,
  volume =   39,
  number =   1,
  pages =    {53--74}
}

@article{Coquand93,
author  = "Thierry Coquand",
title   =  "A Constructive Topological Proof of van der Waerden's Theorem",
journal = "Journal of Pure and Applied Algebra",
note    = "To appear",
year    = 1994}

@inproceedings{Coquand94a,
author  = "Thierry Coquand",
title   =  "Infinite Object in Type Theory",
booktitle = "Types for Proofs and Programs, International Workshop TYPES'93,
LNCS 806",
year    = 1994}

@techreport{Coquand94b,
author  = "Stefano Berardi and Marc Bezem and Thierry Coquand",
title   =  "On the computational content of the Axiom of Choice",
institution = "technical report n 116 of the university of Utrecht",
year    = 1994}

@unpublished{Coquand94c,
author  = "Thierry Coquand",
title = "A formal space of ultrafilters",
note  = "Manuscript",
month   = "August",
year    = 1994}

 @Article{church:formulation,
  author =   {Alonzo Church},
  title =    {A Formulation of the Simple Theory of Types},
  journal =      {Journal of Symbolic Logic},
  year =     1940,
  volume =   5,
  pages =    {56-68}
}

@inproceedings{CoquandT:infott,
author =  "Thierry Coquand",
title   = "Infinite Objects in Type Theory",
booktitle = "Types for Proofs and Programs, International Workshop TYPES'93,
LNCS 806",
year    = "1994"}

@article{curien:fi,
author = "Pierre-Louis Curien",
title  = "Substitution up to Isomorphism",
journal = "Fundamenta Informaticae",
pages = "51-86",
volume = 19,
number = "1,2",
year = 1993}

@unpublished{DybjerP:gennsi,
author  = "Peter Dybjer",
title = "A general formulation of simultaneous inductive-recursive
          definition in type theory",
note  = "Manuscript",
month   = "April",
year    = 1994}

@Unpublished{DybjerP:impcsa,
  author =   "Peter Dybjer and Ver{\'o}nica Gaspes",
  title =    "Implementing a Category of Sets in {ALF}",
  note =     "Manuscript",
  OPTcrossref =  "",
  OPTkey =   "",
  year =     "1993",
  OPTannote =    ""
}

@article{DybjerP:indf,
author  = "Peter Dybjer",
title   = "Inductive Families",
journal = "Formal Aspects of Computing",
volume  = 6,
pages   = "440-465",
year    = 1994}


@incollection{DybjerP:indsfm,
author  = "Peter Dybjer",
booktitle = "Logical Frameworks",
title   = "Inductive sets and families in {Martin-L{\"o}f's} Type Theory
       and their set-theoretic semantics",
year    = 1991,
publisher = "Cambridge University Press",
editor  = "Gerard Huet and Gordon Plotkin",
pages   = "280-306"}



@unpublished{DybjerP:intcti,
author  = "Peter Dybjer and Martin Hofmann",
title   = "On the interpretation of coinductive types in
          intuitionistic type theory",
year    = 1994,
month   = "September",
note    = "Manuscript"}

@unpublished{DybjerP:syndtc,
author  = "Peter Dybjer",
title   = "On the syntax of dependent types and the coherence
          problem",
year    = 1994,
month   = "September",
note    = "Manuscript"}

@INPROCEEDINGS{FioreM:coiprd,
 AUTHOR={M. Fiore},
 TITLE={A Coinduction Principle for Recursive Datatypes Based on
Bisimulation},
 BOOKTITLE={8th Annual Symposium on Logic in Computer Science},
 PUBLISHER={IEEE Computer Society Press, Washington},
 YEAR=1993,
 PAGES={110--119}}


@unpublished{GeuversH:indcti,
title   =  "Inductive and coinductive types with iteration and
          recursion",
author  = "Herman Geuvers",
year    = 1991,
month   = "October",
note    = "Manuscript"}



@article{HarperHonsellPlotkin93,
        author = {Harper, Robert and Honsell, Furio and Plotkin, Gordon},
        title = {A Framework for Defining Logics},
        journal = {JACM},
        year = 1993,
        volume = 40,
        number = 1,
        pages = {143--184},
        note = {preliminary version appeared in {LICS {2nd}}, 1987,
194--204.}
}

@inproceedings{Herbelin,
author = "Hugo Herbelin",
title =  "A lambda-calculus structure isomorphic to sequent calculus
structure" ,
booktitle = "paper accepted to CSL (Computer Science Logic)",
year    = 1994}

@phdthesis{HermidaC:fiblpi,
author = "Claudio Alberto Hermida",
title  = "Fibrations, Logical Predicates and Indeterminates",
school = "Department of Computer Science, University of Edinburgh",
year   = 1993,
month  = "November",
note   = "Report DAIMI PB - 462, Computer Science Department,
          Aarhus University"}


@InCollection{HofmannM:intttl,
  author =   "Martin Hofmann",
  title =    "Interpretation of Type Theory in Locally Cartesian
          Closed Categories",
  booktitle =    "Proceedings of CSL",
  publisher = "Springer LNCS",
  year =     1994
}

@PhdThesis{HofmannTh,
  author =   {Martin Hofmann},
  title =    {Extensional concepts in intentional type theory},
  school =   {University of Edinburgh},
  year =     1995
}

@Article{Hudak96,
  author =   {Paul Hudak},
  title =    {Building Domain-Specific Embedded Languages},
  journal =      {ACM Computing Surveys},
  year =     1996,
  volume =   {28A},
  number =   4
}

@unpublished{HuetG:initc,
author = "G\'erard Huet",
title  = "{Initiation \`a la Th\'eorie des Cat\'egories}",
note = "Notes de cours du DEA Fonctionnalit\'e, Structures de Calcul
          et Programmation donn\'e \`a l'Universit\'e Paris
          VII en 1983-84 et 1984-85",
year = 1987}

@INBOOK{HuetSaibi97,
  author = {G. Huet and A. Sa\"ibi},
  title = {Constructive Category Theory},
  booktitle = {Proof,Language and Interaction: Essays in Honour of Robin Milner},
  editor = {Gordon Plotkin, Colin Stirling, and Mads Tofte},
  publisher = {MIT Press},
  note = {a preliminary version presented at CLICS-TYPES BRA meeting, 95},
  month = {},
  year = {1998},
}

@InProceedings{KOPTT,
  author =   {Y.~Kinoshita and P.~W.~O'Hearn and A.~J.~Power and M.~Takeyama and R.~D.~Tennent},
  title =    {An axiomatic approach to binary logical relations with
        applications to data refinement},
  booktitle    =   {Theoretical Aspects of Computer Software (TACS),
                  Sendai, Japan},
  volume =   1281,
  series =   {LNCS},
  year =     1997,
  pages =    {191--212}
}

@Article{KPT,
  author =   {Y.~Kinoshita and A.~J.~Power and M.~Takeyama},
  title =    {Sketches},
  journal =      {J.~of Pure and Applied Algebra},
  year =     {to appear}
}

@Book{LS86,
  author =   {J.~Lambek and P.~J.~Scott},
  title =    {Introduction to higher order categorical logic},
  publisher =    {Cambridge University Press},
  year =     1986,
  number =   7,
  series =   {Cambridge studies in advanced mathematics}
}

@Article{MacLaneS:cohbic,
  author =   "Saunders {Mac Lane} and Robert Par\'e",
  title =    "Coherence for bicategories and indexed categories",
  OPTcrossref =  "",
  OPTkey =   "",
  journal =  "Journal of Pure and Applied Algebra",
  year =     "1985",
  volume =   "37",
  OPTnumber =    "",
  pages =    "59-80",
  OPTmonth =     "",
  OPTnote =      "",
  OPTannote =    ""
}


@unpublished{MeijerE:foluse,
author = "Erik Meijer and Graham Hutton",
title  = "Fold and unfold simplified
and extended (working title)",
note   = "Work in progress, Utrecht University
and Chalmers University",
year   = 1994}

@unpublished{MendlerNP:indtia,
author  = "Nax-Paul Mendler",
title   = "Inductive types via initial algebras, in {Martin-L\"of}
          type theory",
school  = "Computer Science Department, Manchester University",
year    = 1990,
month   = "July",
note    = "Manuscript"}

@unpublished{MendlerNP:sigc,
author  = "Nax-Paul Mendler",
title   = "{$\Sigma$} is cocontinuous",
note    = "Manuscript, Computer Science Department, Manchester University",
year    = 1991,
month   = "March"}





@Article(MoggiE:notcm,
Author={Moggi, E.},
Title={Notions of Computation and Monads},
Journal={Information and Computation},
Volume=93,
Number=1,
Year=1991)

@BOOK{PittsAM:semlc,
 EDITOR={A.~M.~Pitts and P.~Dybjer},
 TITLE={Semantics and Logics of Computation},
 PUBLISHER={Cambridge University Press},
 SERIES={Publications of the Newton Institute},
 YEAR=1997
}



@TechReport(PrasadKVS:VerSor95,
  author =       "J{\"o}rgen Andersen and Ed Harcourt and {K.V.S.} Prasad",
  title =        "A Machine Verified Sorting Algorithm",
  institution = "BRICS",
  number = "96-4",
  year =         1996,
  url = "http://www.cs.chalmers.se/~prasad/brics96-4.html"
)

@PhdThesis{ReusTh,
  author =   {Bernhard Reus},
  title =    {Program Verification in Synthetic Domain Theory},
  school =   {Ludwig-Maximilians-Universit\"at M\"unchen},
  year =     1995
}
@Article{SVV96,
  author =   {G.~Sambin and S.~Valentini and P.~Virgili},
  title =    {Constructive Domain Theory as a branch of Intuitionistic Pointfree Topology},
  journal =      {Theoretical Computer Science},
  year =     1996,
  volume =   159,
  pages =    {319--341}
}

@InCollection{SatoM:addpoi,
  title =    "Adding proof objects and inductive definition
          mechanism to {Frege} structures",
  year =     "1991",
  pages =        "53-87",
  number =   "526",
  series =   "LNCS",
  publisher =    "Springer Verlag",
  author =   "Masahiko Sato",
  OPTcrossref =  "",
  OPTkey =   "",
  booktitle =    "Proc. International Conference on Theoretical
          Aspects of Computer Science",
  OPTpublisher = "",
  editor =   "T. Ito and A. Meyer",
  OPTvolume =    "",
  OPTnumber =    "",
  OPTseries =    "",
  OPTtype =      "",
  OPTchapter =   "",
  OPTpages =     "",
  OPTaddress =   "",
  OPTedition =   "",
  OPTmonth =     "",
  OPTnote =      "",
  OPTannote =    ""
}

@article{SeelyRAG:locccc,
author = "Seely, R. A. G.",
title   = "Locally cartesian closed categories and type theory",
journal = "Proceedings of the Cambridge Philosophical Society",
year    = 1984,
volume  = 95,
pages   = "33-48"}

@Misc{StreicherT:invitt,
  OPTcrossref =  "",
  OPTkey =   "",
  author =   "Thomas Streicher",
  title =    "Investigations into Intensional Type Theory",
  OPThowpublished = "",
  year =     "1994",
  month =    "November",
  note =     "Habilitationsschrift,
          {Ludwig-Maximilian-Universit\"at}",
  OPTannote =    ""
}


@PhdThesis{SzaszTh,
  author =   {Nora Szasz},
  title =    {A Theory of Specifications,
    Programs and Proofs},
  school =   {Chalmers University of Technology / G\"oteborg University},
  year =     1997
}

@PhdThesis{TakeyamaTh,
  author =   {Makoto Takeyama},
  title =    {Universal Structure and a Categorical Framework for Type Theory},
  school =   {University of Edinburgh},
  year =     1995
}

@PhdThesis{TasistroTh,
  author =   {Alvaro Tasistro},
  title =    {Substitution, Record
    Types and Subtyping in Type Theory, with Applications to the
    Theory of Programming},
  school =   {Chalmers University of Technology / G\"oteborg University},
  year =     1997
}

@Unpublished{Type:Type,
  author =   {Thierry Coquand and Makoto Takeyama},
  title =    {Implementation of type:type},
  note =     {Unpublished manuscript},
  year =     2001
}

@Article{WhyTry,
  author =   {A.~J.~Power},
  title =    {Why Tricategories?},
  journal =      {Information and Computation},
  year =     1995,
  volume =   120,
  pages =    {251--262}
}

@inproceedings{abadi:sanfrancisco,
author  = "Abadi, M. and Cardelli, L. and Curien, Pierre-Louis
 and L\'evy, Jean-Jacques",
title   = "Explicit Substitutions",
booktitle = "ACM Conference on Principles of Programming Languages, San Francisco",
year    = 1990}

@INPROCEEDINGS{abel:neworleans,
  author =   {Andreas Abel and Klaus Aehlig and Peter Dybjer},
  title =    {Normalization by Evaluation for {Martin-L\"of} Type Theory with One Universe},
  booktitle =    {"23rd Conference on the Mathematical Foundations of Programming Semantics, MFPS XXIII},
  pages =    {17-40},
  year =     2007,
  series =   {Electronic Notes in Theoretical Computer Science},
  publisher =    {Elsevier}
}

@InProceedings{abel:wroclaw,
  author =   {Andreas Abel and Thierry Coquand and Peter Dybjer},
  title =    {Normalization by evaluation for {Martin-L{\"o}f} type theory with equality judgements},
  booktitle =    {Proceedings of the 6th Annual IEEE Symposium on
             Logic in Computer Science},
  year =     2007,
  month =    {July},
  note =     {To appear}
}

@incollection{abramsky:lazylambda,
author = "Samson Abramsky",
title  = "The Lazy Lambda Calculus",
booktitle = "Research Topics in Functional Programming",
editor = "David Turner",
publisher = "Addison-Wesley",
year = 1990,
pages = "65-116"}

@article{abramsky:sccs,
author = "Samson Abramsky",
title  = "A  Domain Equation for Bisimulation",
journal = "Information and Computation",
volume  = 92,
year = 1991,
pages = "161-218"}

@incollection{aczel:antibes,
author  = "Peter Aczel and David P. Carlisle and Nax Mendler",
title   = "Two framework of theories and their implementation in Isabelle",
booktitle = "Logical Frameworks",
editor  = "G\'erard Huet and Gordon Plotkin",
pages   = "3-39",
publisher = "Cambridge University Press",
year  = 1991}

@Unpublished{aczel:categories,
  author =   "Peter Aczel",
  title =    "Galois: a theory development project",
  note =     "A report on work in progress for the {Turin} meeting
          on the {Representation of Logical Frameworks}",
  OPTcrossref =  "",
  OPTkey =   "",
  year =     "1993",
  OPTmonth =     "",
  OPTannote =    ""
}

@book{aczel:csli,
          author =   "Peter Aczel",
          title =    "Non-Well-Founded Sets",
          year = 1988,
          publisher = "Stanford University",
          series = "CSLI Lecture Notes",
          volume = 14}

@InCollection{aczel:czf,
  author =   "Peter Aczel",
  title =    "The type theoretic interpretation of constructive
          set theory",
  booktitle =    "Logic Colloquium '77",
  publisher =    "North-Holland",
  year =     "1978",
  editor =   "A. MacIntyre and L. Pacholski and J. Paris",
  pages =    "55-66"
}

@inproceedings{aczel:relate,
  title={On Relating Type Theories and Set Theories},
  author={Aczel, Peter},
  booktitle={Types for Proofs and Programs},
  editor={Altenkirch, T. and Reus, B. and Naraschewski, W.},
  pages={33--46},
  year={1998},
  organization={Springer}}



@InCollection{aczel:czfind,
  author =   {Peter Aczel},
  title =    {The type theoretic interpretation of Constructive Set Theory:
inductive definitions},
  booktitle =    {Logic, Methodology, and Philosophy of Science VII},
  publisher = {Elsevier Science Publishers},
  year =     1986,
  editor =   {Barcan Marcus and others},
  pages =    {17-49}
}

@inbook{aczel:frege,
author  = "Peter Aczel",
title   = "Frege Structures and the Notions of Proposition, Truth,
and Set",
booktitle = "The Kleene Symposium",
pages   = "31-59",
publisher = "North-Holland",
year  = 1980}

@incollection{aczel:handbook,
author  = "Peter Aczel",
title   = "An introduction to inductive definitions",
booktitle = "Handbook of Mathematical Logic",
editor  = "Jon Barwise",
pages   = "739-782",
publisher = "North-Holland",
year  = 1977}

@unpublished{aczel:klosterirsee,
author = {Peter Aczel},
title = {On relating type theories and set theories},
note = {Submitted to {\it TYPES' 98}, LNCS, Springer-Verlag},
}



@inproceedings{aczel:oulu,
author  = "Peter Aczel",
title   = "The strength of {Martin-L\"of's} type theory with one
          universe",
booktitle = "Proceedings of the Symposium on Mathematical Logic (Oulu
          1974)",
editor = "S. Miettinen and {J. V\"a\"ananen}",
pages   = "1-32",
year    = 1977,
note    = "Report No 2 of Dept. Philosophy, University of Helsinki"}

@inbook{adj:yeh,
author  = "Goguen, Joseph A. and Thatcher, J. W. and Wagner, Eric G. and
Wright, J. B.",
year    = 1978,
title   = "An Initial Algebra Approach to the Specification,
Correctness, and Implementation of Abstract Data Types",
booktitle = "Current Trends in Programming Methodology, Volume 4, Data Structuring",
publisher = "Prentice Hall"}

@Article{aehlig:untyped,
  title =   "Operational aspects of untyped Normalisation by
         Evaluation",
  author =  "Klaus Aehlig and Felix Joachimski",
  journal = "Mathematical Structures in Computer Science",
  year =    "2004",
  number =  "4",
  volume =  "14"
}

@InProceedings{agerholm:turku,
  author =   {Sten Agerholm and Ilya Beylin and Peter Dybjer},
  title =    {A
    Comparison of {HOL and ALF} Formalizations of a Categorical
    Coherence Theorem},
  booktitle =    {Theorem Proving in Higher Order Logics},
  editor =   {J. von Wright, J. Grundy, J. Harrison},
  series =   {LNCS 1125},
  year =     1996,
  pages="17-32",
  month =    {August}
}

@phdthesis{allen:thesis,
author  = "Stuart Allen",
title   = "A Non-Type-Theoretic Semantics for Type-Theoretic Language",
school = "Department of Computer Science, Cornell University",
year    = 1987}

@Article{altenkirch,
  author =  "T. Altenkirch",
  title =   "Proving Strong Normalization of {CC} by Modifying
         Realizability Semantics",
  journal = "Lecture Notes in Computer Science",
  volume =  "806",
  pages =   "3--18",
  year =    "1994"
}




@InProceedings{altenkirch:F,
  author =   {Thorsten Altenkirch and Martin Hofmann and Thomas Streicher},
  title =    {Reduction-
free normalisation for a polymorphic system},
  booktitle =    {\lics{11}},
  year =     1996,
  pages =    {98-106}
}

@unpublished{altenkirch:alf,
author  = "Thorsten Altenkirch and Veronica Gaspes and Bengt
          {Nordstr\"om} and B. von Sydow",
title   = "A user's guide to {ALF}",
year    = 1994,
month   = "January",
note    = "Draft"}

@InProceedings{altenkirch:boston,
  author = {Thorsten Altenkirch and Peter Dybjer and Martin Hofmann and Phil Scott},
  title = {Normalization by Evaluation for Typed Lambda Calculus with Coproducts},
  booktitle = {Proceedings of LICS},
  year = 2001,
}

@inproceedings{altenkirch:cambridge,
          author = "Thorsten Altenkirch and Martin Hofmann and
          Thomas Streicher",
          title = "Categorical Reconstruction of a Reduction
          Free Normalization Proof",
          booktitle = "Springer LNCS 953,
          Category Theory and Computer Science,
          6th International Conference, CTCS '95, Cambridge,
          UK",
          year = 1995,
          month = "August",
          editor = "David Pitt and David E. Rydeheard and
          Peter Johnstone"}

@phdthesis{altenkirch:thesis,
author  = "Thorsten Altenkirch",
title   = "Constructions, Inductive Types and Strong Normalization",
school = "The University of Edinburgh, Department of Computer Science",
month   = "November",
year    = 1993}


@inproceedings{altenkirch:utrecht,
author  = "Thorsten Altenkirch",
title   = "A formalisation of the strong normalization proof for {System F}
       in {LEGO}",
booktitle = "Proceedings of the International Conference on
         Typed Lambda Calculi and Applications, Utrecht",
month   = "March",
year    = 1993}

@Unpublished{alti94:cambridge,
  author =   "Thorsten Altenkirch",
  title =    "Reduction free normalization",
  note =     "Seminar given in Cambridge",
  OPTcrossref =  "",
  OPTkey =   "",
  year =     "1994",
  month =    "July",
  OPTannote =    ""
}


@Unpublished{alti94:glueing,
  author =   "Thorsten Altenkirch and Martin Hofmann",
  title =    "Reduction free normalization and categorical glueing",
  note =     "Manuscript",
  OPTcrossref =  "",
  OPTkey =   "",
  year =     "1994",
  month =    "September",
  OPTannote =    ""
}

@InProceedings{alti:lundsbrunn,
  author =   "Thorsten Altenkirch",
  title =    "Consistency in {ALF}",
  booktitle = "{La Winterm\"ote '94, Lundsbrunn}",
  year =     "1994",
  month =    "January"}

@InProceedings{augustsson:cayenne,
  author =   {Lennart Augustsson},
  title =    {Cayenne: a language with dependent types},
  booktitle =    {Proceedings of the International Conference on Functional Programming (ICFP '98)},
  year =     1998,
  publisher =    {ACM Press},
  month =    {September}
}

@inproceedings{backhouse:edinburgh,
author  = "Roland Backhouse",
title   = "On the meaning and construction of the rules in
       {Martin-L\"of's} theory of types",
booktitle = "Proceedings of the Workshop on General Logic, Edinburgh,
         February 1987",
year    = 1988,
note    = "ECS-LFCS-88-52",
editor  = "Avron, A.  and  Harper, B. and Honsell, F.
and Mason, I. and Plotkin, G.",
publisher = "Laboratory for Foundations of Computer Science,
Department of Computer Science, University of Edinburgh"}

@article{backhouse:facs,
author  = "Roland Backhouse and
       Paul Chisholm and Grant Malcolm and Erik Saaman",
year    = 1989,
title   = "Do-it-yourself type theory (part 1)",
journal = "Formal Aspects of Computing",
pages   = "19-84"}






@InProceedings{balat:popl,
  author =   {Vincent Balat and Roberto {di Cosmo} and Marcelo Fiore},
  title =    {Extensional normalisation and typed-directed partial evaluation for typed lambda calculus with sums},
  booktitle =    {31st Symposium on Principles of Programming Languages},
  pages =    {64-76},
  year =     2004,
  publisher =    {ACM Press}
}

@book{barendregt:lambda,
author  = "Henk P. Barendregt",
title = "The Lambda Calculus",
publisher = "North-Holland",
note    = "Revised edition",
year    = "1984"}

@incollection{barendregt:tlc,
author  = "Henk P. Barendregt",
booktitle = "Handbook of Logic in Computer Science",
publisher = "Oxford University Press",
volume  = 2,
editor  = "Samson Abramsky and Dov Gabbay and Tom Maibaum",
title   = "Lambda Calculi with Types",
pages   = "118-310",
year    = "199?"}



@PHDTHESIS{barras,
  AUTHOR = {B.~Barras},
  TITLE = {Auto-validation d'un syst{\`e}me de preuves avec familles
           inductives},
  TYPE = {Th{\`e}se de Doctorat},
  SCHOOL = {Universit{\'e} Paris~7},
  YEAR = 1999,
  MONTH = nov
}

@INPROCEEDINGS{barthe:mobius,
  AUTHOR = {Gilles~Barthe and coworkers},
  TITLE = {MOBIUS: Mobility, Ubiquity, Security. Objectives and progress
         report},
  BOOKTITLE = {TGC 2006: Proceedings of the second symposium on Trustworthy
            Global Computing},
  SERIES = {LNCS},
  PUBLISHER = {Springer-Verlag},
  YEAR = {2006}
}

@Article{benabou,
  title =   "Fibered Categories and the Foundations of Naive
         Category Theory",
  author =  "Jean Benabou",
  journal = "J. Symb. Log",
  year =    "1985",
  number =  "1",
  volume =  "50",
  pages =   "10--37",
}



@Article{benke:njc,
  author =   {Marcin Benke and Peter Dybjer and Patrik Jansson},
  title =    {Universes for Generic Programs and Proofs in Dependent Type Theory},
  journal =      {Nordic Journal of Computing},
  year =     2003,
  volume =   10,
  pages =    {265-289}
}

@Unpublished{berger-eberl,
  author =   {Ulrich Berger and Matthias Eberl and Helmut Schwichtenberg},
  title =    {Normalization by evaluation},
  note =     {Unpublished paper, 1997},
  OPTkey =   {},
  OPTyear =      {},
  OPTmonth =     {},
  OPTannote =    {}
}

@inproceedings{berger:amsterdam,
author  = "Ulrich Berger and Helmut Schwichtenberg",
title   = "An Inverse to the Evaluation Functional for
           Typed $\lambda$-calculus",
booktitle = "Proceedings of the 6th Annual IEEE Symposium on
             Logic in Computer Science, Amsterdam",
month   = "July",
year    = 1991,
pages   = "203-211"}

@inproceedings{berger:utrecht,
author  = "Ulrich Berger",
title   = "Program Extraction from Normalization Proofs",
booktitle = "Proceedings of the International Conference on
         Typed Lambda Calculi and Applications, Utrecht",
month   = "March",
year    = 1993}

@Book{bertot,
  author =   {Yves Bertot and Pierre Casteran},
  title =    {Interactive Theorem Proving and Program Development
Coq'Art: The Calculus of Inductive Constructions},
  publisher =    {Springer},
  year =     2004,
  series =   {Texts in Theoretical Computer Science. An EATCS Series}
}


@TechReport{beylin:lic,
  author =   {Ilya Beylin},
  title =    {An ALF proof of Mac Lane's coherence theorem},
  institution =  {Department of Computing Science, Chalmers University},
  year =     1997
}


@InProceedings{beylin:thisvolume,
  author =   {Ilya Beylin and Peter Dybjer},
  title =    {Extracting a proof of coherence for monoidal categories
from a proof of normalization for monoids},
  note =     {This volume}}



@InProceedings{beylin:torino,
  author =   {Ilya Beylin and Peter Dybjer},
  title =    {Extracting a proof of coherence for monoidal categories
from a proof of normalization for monoids},
  booktitle =    {TYPES '95},
  editor =   {Stefano Berardi and Mario Coppo},
  series =   {LNCS},
  year =     1996,
  volume="1158",
  pages =        {47-61}
}



@Book{bird-wadler:book,
  author =   {Richard Bird and Philip Wadler},
  title =    {Introduction to Functional Programming},
  publisher =    {Prentice Hall},
  year =     1988
}


@book{bishop:book,
author  = "E. Bishop",
title   = "Foundations of Constructive Analysis",
Publisher = "McGraw-Hill",
year    = 1967}

@article{bohm:tcs,
author  = "Corrado {B\"ohm} and Alessandro Berarducci",
title   = "Automatic synthesis of typed {$\Lambda$}-programs on term
          algebras",
journal = "Theoretical Computer Science",
volume  = 39,
year    = 1985,
pages   = "135-154"}

@PhdThesis{bove:phd,
  author =   {Ana Bove},
  title =    {General Recursion in Type Theory},
  school =   {Chalmers University of Technology},
  year =     2002,
  month =    {November}
}

@InProceedings{bovecapretta,
  author =   {A. Bove and V. Capretta},
  title =   {Nested General Recursion and Partiality in Type Theory},
  booktitle =   {Theorem Proving in Higher Order Logics:
                 14th International Conference, TPHOLs 2001},
  pages =   {121--135},
  year =   {2001},
  editor =   {R. J. Boulton and P. B. Jackson},
  volume =   {2152},
  series =   {Springer-Verlag, LNCS},
  month =   {September}
}

@book{boyer:acl,
author  = "Robert Boyer and J Moore",
title   = "A Computational Logic",
Publisher = "Academic Press",
year    = 1979}


@InProceedings{brown:paris,
  author =   "Graham Hutton and Carolyn Brown",
  title =    "Categories, allegories, and
circuit design",
  crossref =     "",
  key =      "",
  editor =   "",
  volume =   "",
  number =   "",
  series =   "",
  pages =    "",
  booktitle =    "Proc. IEEE symposium on Logic in Computer Science",
  year =     "1994",
  organization = "",
  publisher =    "",
  address =  "",
  month =    "July",
  note =     "",
  annote =   ""
}

@article{burstall:cj,
author  = "R. M. Burstall",
title   = "Proving Properties of Programs by Structural Induction",
journal = "Computer Journal",
number  = 39,
year    = 1985,
pages   = "135-154"}

@phdthesis{cartmell:phd,
author  = "John Cartmell",
title   = "Generalized Algebraic Theories and Contextual
          Categories",
school = "Oxford University",
type     = "D.~{Phil.}",
year    = 1978}

@article{cartmell:apal,
author  = "John Cartmell",
title   = "Generalized Algebraic Theories and Contextual
          Categories",
journal = "Annals of Pure and Applied Logic",
volume  = 32,
year    = 1986,
pages   = "209-243"}

@InProceedings{catarina:realizability,
  author =       {Catarina Coquand},
  title =        {A realizability interpretation of {Martin-L\"of's} type theory},
  booktitle =    {Twenty-Five Years of Constructive Type Theory},
  editor =       {G. Sambin and J. Smith},
  year =         {1998},
  publisher =    {Oxford University Press}
}

@inproceedings{catarina:swansea,
author  = "Catarina Coquand",
title   = "From Semantics to Rules: a Machine Assisted Analysis",
booktitle = "Proceedings of CSL '93, LNCS 832",
year = 1993,
editor = "Egon {B\"orger} and Yuri Gurevich and Karl Meinke"}

@Misc{ccrn,
  title =    {Constructive {Coq} repository at {Nijmegen}},
  year =     2004,
  note =     {{\tt http://vacuumcleaner.cs.kun.nl/c-corn/}}
}


@PhdThesis{cederquist:thesis,
  author =   {Jan Cederquist},
  title =    {Pointfree Approach to Constructive Analysis in Type Theory},
  school =   {Department of Computing Science, Chalmers University of
Technology and University of {G{\"o}teborg}},
  year =     {1997},
  OPTkey =   {},
  OPTaddress =   {},
  OPTtype =      {},
  OPTmonth =     {},
  OPTnote =      {},
  OPTannote =    {}
}


@InProceedings{claessen:quickcheck,
  author =   {Koen Claessen and John Hughes},
  title =    {{QuickCheck}: a Lightweight Tool for Random Testing of {Haskell} programs},
  booktitle =    {Proceedings of the ACM SIGPLAN International Conference on Functional Programming},
  pages =    {268-279},
  year =     2000,
  volume =   {35.9},
  series =   {ACM SIGPLAN Notices},
  month =    {September},
  publisher =    {ACM Press}
}

@Unpublished{clairambault,
  author =   {Pierre Clairambault},
  title =    {From categories with families to locally cartesian closed
categories},
  note =     {Project Report, ENS Lyon},
  year = 2005
}

@inproceedings{ClairambaultD11,
  author    = {Pierre Clairambault and
               Peter Dybjer},
  title     = {The Biequivalence of Locally Cartesian Closed Categories and {Martin-L{\"{o}}f}
               Type Theories},
  booktitle = {Typed Lambda Calculi and Applications - 10th International Conference,
               {TLCA} 2011, Novi Sad, Serbia, June 1-3, 2011. Proceedings},
  pages     = {91--106},
  year      = {2011}
}

@article{ClairambaultD14,
  author    = {Pierre Clairambault and
               Peter Dybjer},
  title     = {The biequivalence of locally cartesian closed categories and {Martin-L{\"{o}}f}
               type theories},
  journal   = {Mathematical Structures in Computer Science},
  volume    = {24},
  number    = {6},
  year      = {2014}
}


@Proceedings{clicstypes,
  title =    {Informal Proceedings of the CLICS-TYPES Workshop on
          Categories and Type Theory},
  year =     1995,
  editor =   {Peter Dybjer and Randy Pollack},
  series =   {Programming Methodology Group, {G\"oteborg} University
          and Chalmers University of Technology, Report 85}
}

@inproceedings{coquand:bastad,
author  = "Thierry Coquand",
title   = "Pattern Matching with Dependent Types",
booktitle = "Proceedings of The 1992 Workshop on Types
       for Proofs and Programs",
month   = "June",
year    = 1992,
editor = "Bengt {Nordstr\"om and Kent Petersson and Gordon Plotkin}"}

@Article{coquand:evidence,
  author =   {Thierry Coquand},
  title =    {A Semantics of Evidence for Classical Arithmetic},
  journal =      {Journal of Symbolic Logic},
  year =     1995,
  volume =   60,
  number =   1,
  pages =    {325-337}
}

@unpublished{coquand:glueing,
author  = "Thierry Coquand and Peter Dybjer",
title   = "Intuitionistic Model Constructions and Normalization Proofs",
note    = "Preliminary Proceedings of the 1993 TYPES Workshop, Nijmegen",
year    = 1993}

@article{coquand:ic,
author  = "Thierry Coquand and Gerard Huet",
title   = "The calculus of constructions",
journal = "Information and Computation",
volume  = 76,
pages   = "95-120",
year    = 1988}

@Article{coquand:mscs,
  author =   {Thierry Coquand and Peter Dybjer},
  title =    {Intuitionistic Model Constructions and Normalization Proofs},
  journal =      {Mathematical Structures in Computer Science},
  year =     1997,
  volume =       7,
  pages =        {75-94}
}

@inproceedings{coquand:sophia,
author  = "Thierry Coquand",
title   = "An Algorithm for Testing Conversion in Type Theory",
booktitle = "Logical Frameworks",
publisher = "Cambridge University Press",
year    = "1991",
pages   = "255-279"}

@inproceedings{coquand:tallinn,
author  = "Thierry Coquand and Christine Paulin",
title   = "Inductively defined types, preliminary version",
booktitle = "LNCS 417, COLOG '88, International Conference on Computer Logic",
publisher = "Springer-Verlag",
year    = "1990"}

@inproceedings{coquandgallier:antibes,
author  = "Thierry Coquand and Jean Gallier",
title   = "A Proof of Strong Normalization for the Theory of Constructions
Using a {Kripke}-Like Interpretation",
booktitle = "Proceedings of the First Workshop on Logical Frameworks",
editor = "G. Huet and G. Plotkin",
year    = "1990",
month   = "May",
pages   = "255-279"}



@Article{cubric:mscs,
  author =   {Djordje {\v{C}ubri\'c} and Peter Dybjer and Philip Scott},
  title =    {Normalization and the {Yoneda} Embedding},
  journal =      {Mathematical Structures in Computer Science},
  year =     {1998},
  volume = {8},
  pages = {153-192}
}

@unpublished{curien:confluence,
author = "Pierre-Louis Curien and {Th\'er\`ese} Hardin and
      Jean-Jacques {L\'evy}",
title   = "Confluence properties of weak and strong calculi of explicit
           substitution",
note    = "Preliminary version",
year    = 1991,
month   = "July"}

@article{curien:tcs,
author = "Pierre-Louis Curien",
title   = "An Abstract Framework for Environment Machines",
journal = "Theoretical Computer Science",
year    = 1992}

@book{curien:thesis,
author  = "Pierre-Louis Curien",
title   = "Categorical Combinators, Sequential Algorithms and Functional
       Programming",
publisher = "Pitman",
year    = 1986}

@article{CurienGH14,
  author    = {Pierre{-}Louis Curien and
               Richard Garner and
               Martin Hofmann},
  title     = {Revisiting the categorical interpretation of dependent type theory},
  journal   = {Theoretical Computer Science},
  volume    = {546},
  pages     = {99--119},
  year      = {2014}
}

@InProceedings{danielsson:types,
  author =   {Nils Anders Danielsson},
  title =    {A Formalisation of a Dependently Typed Language as an Inductive-Recursive Family},
  booktitle =    {Proceedings of the TYPES meeting 2006},
  year =     2007,
  publisher =    {Springer-Verlag}
}

@InProceedings{danvy:caminha,
  author = {Olivier Danvy and Peter Dybjer and Andrzej Filinski},
  title = {Normalization and Partial Evalution},
  year = 2000,
  month = {September},
  note = {Lecture Notes for the International Summer School on Applied
Semantics, Caminha, Portugal}}

@InProceedings{danvy:popl,
  author =   {Olivier Danvy},
  title =    {Type-Directed Partial Evaluation},
  booktitle =    {Proceedings of POPL96, the 1996 ACM
Symposium on Principles of Programming Languages},
  year =     1996
}

@inbook{debruijn:curry,
author  = "de Bruijn, Nicholas G",
booktitle = "To H. B. Curry: Essays on Combinatory Logic, Lambda Calculus,
and Formalism",
title   = "A Survey of the Project {Automath}",
publisher = "Academic Press",
year    = 1980}

@InProceedings{deBruijn68,
author="de Bruijn, N. G.",
editor="Laudet, M.
and Lacombe, D.
and Nolin, L.
and Sch{\"u}tzenberger, M.",
title="The mathematical language AUTOMATH, its usage, and some of its extensions",
booktitle="Symposium on Automatic Demonstration",
year="1970",
publisher="Springer Berlin Heidelberg",
pages="29--61",
}

@article{debruijn:ic,
author  = "de Bruijn, Nicholas G",
journal = "Information and Computation",
title   = "Telescopic mappings in typed lambda calculus",
number  = 91,
pages   = "189-204",
year    = 1991}
@inproceedings{deroever:gfp,
author  = "de Roever, Willem P.",
title   = "On Backtracking and Greatest Fixed Points",
editor  = "E. J. Neuhold",
booktitle = "Formal Description of Programming Concepts",
publisher = "North-Holland",
year    = 1978,
pages   = "621-639"}




@inproceedings{despeyroux:lics,
author  = "Joelle Despeyroux",
title   = "Proof of Translation in Natural Semantics",
booktitle = "Proceedings of the First ACM Conference on Logic in Computer
Science",
year = 1986,
pages = "193-205"}


@InProceedings{devrijer,
  author =   {de Vrijer, Roel},
  title =    {Exactly estimating functionals and strong normalization},
  booktitle =    {Proceedings of the Koninklije Nederlandse Akademi
          van Wettenschappen, Series A},
  volume =   90,
  year =     1987,
  pages =    {479-493}
}


@techreport{dowek:coq,
author  = "Gilles Dowek and Amy Felty and Hugo Herbelin and Gerard Huet
       and Christine Paulin and Benjamin Werner",
title   = "The {Coq} proof assistant version 5.6, user's  guide",
institution = "INRIA Rocquencourt - CNRS ENS Lyon",
year    = 1991}


@Book{drake:book,
  author =   {Frank R. Drake},
  title =    {Set Theory - an Introduction to Large Cardinals},
  publisher =    {North Holland},
  year =     1974
}

@unpublished{dybjer:aarhus,
author  = "Peter Dybjer",
title   = "Constructing a {Frege} Structure in Predicative Type Theory",
year    = 1992,
note    = "Draft paper"}

@InCollection{dybjer:antwerpen,
  author =   "Peter Dybjer",
  title =    "Domain Algebras",
  OPTcrossref =  "",
  OPTkey =   "",
  booktitle =    "Proceedings of
          ICALP 84",
  publisher =    "Springer-Verlag",
  year =     "1984",
  OPTeditor =    "",
  volume =   "172",
  series =   "Lecture Notes in Computer Science",
  OPTtype =      "",
  OPTchapter =   "",
  pages =    "138-150",
  OPTaddress =   "",
  OPTedition =   "",
  month =    "July",
  OPTnote =      "",
  OPTannote =    ""
}

@article{dybjer:apal,
title = {Induction-Recursion and Initial Algebras},
author = {Peter Dybjer and Anton Setzer},
journal = {Annals of Pure and Applied Logic},
volume = 124,
pages = {1-47},
year = 2003}

@article{dybjer:bangalore,
author  = "Peter Dybjer",
title   = "Some Results on the Deductive Structure of Join Dependencies",
journal = "Theoretical Computer Science",
volume  = 33,
pages   = "95-105",
year    = 1984}

@inproceedings{dybjer:bastad,
author  = "Peter Dybjer",
title   = "An Inversion Principle for {Martin-L\"of's} Type Theory",
booktitle = "Proceedings of the Workshop on Programming Logic",
year    = 1989,
month   = "May",
publisher = "Programming Methodology Group Report 54, Chalmers University
of Technology and University of {G\"oteborg}"}

@inproceedings{dybjer:bastad92,
author  = "Peter Dybjer",
booktitle = "Proceedings of the 1992 Workshop on Types for Proofs
       and Programs",
title = "Universes and a General Notion of Simultaneous Inductive-Recursive
     Definition in Type Theory",
year    = 1992,
editor = "Bengt {Nordstr\"om} and Kent Petersson and Gordon Plotkin"}

@InCollection{dybjer:caminha,
  author =   {Peter Dybjer and Andrzej Filinski},
  title =    {Normalization and Partial Evaluation},
  booktitle =    {Applied Semantics, Advanced Lectures},
  pages =    {137-192},
  publisher =    {Springer},
  year =     2002,
  number =   2395,
  series =   {LNCS}
}



@InProceedings{dybjer:dallas,
  author =   {Peter Dybjer and {Qiao Haiyan} and Makoto Takeyama},
  title =    {Verifying {Haskell} Programs by Combining Testing and Proving},
  booktitle =    {Proceedings 3rd International Conference on Quality Software},
  pages =    {272-279},
  year =     2003,
  publisher =    {IEEE Computer Society Press}
}

@inproceedings{dybjer:edinburgh,
author  = "Peter Dybjer",
title   = "Inductively Defined Sets in {Martin-L{\"o}f's} Type Theory",booktitle = "Proceedings of the Workshop on General Logic, Edinburgh,
         February 1987",
year    = 1988,
publisher = "Laboratory for Foundations of Computer Science,
Department of Computer Science, University of Edinburgh",
note    = "ECS-LFCS-88-52",
editor  = "Avron, A.  and  Harper, B. and Honsell, F.
and Mason, I. and Plotkin, G."}

@article{dybjer:facs,
author  = "Peter Dybjer",
title   = "Inductive Families",
journal = "Formal Aspects of Computing",
volume  = 6,
pages   = "440-465",
year    = 1994}

@Misc{dybjer:giens,
  author =   {Peter Dybjer},
  title =    {Dependent Types in Programming},
  month =    {September},
  year =     2002,
  note =     {Slides from lectures at the TYPES Summer School in Giens, France.{\tt www.cs.chalmers.se/~peterd/} }
}

@inproceedings{dybjer:goteborg,
          author = "Peter Dybjer",
          title = "Internal Type Theory",
          booktitle = "Proceedings of the Joint CLICS-TYPES
          Workshop on Categories and Type Theory,
          {G\"oteborg}",
          year = 1995,
          month = "January",
          note = "Revised version to appear in TYPES '95,
          Springer
          Verlag LNCS"}

@InCollection{dybjer:guildford,
  author =   "Peter Dybjer",
  title =    "Category Theory and Programming Language Semantics:
          an Overview",
  booktitle =    "Category Theory and Computer Programming",
  publisher =    "Springer-Verlag",
  year =     1986,
  volume =   240,
  series =   "Lecture Notes in Computer Science",
  pages =    "165-181"
}

@InProceedings{dybjer:guiyang,
  author =   {Peter Dybjer and {Qiao Haiyan} and Makoto Takeyama},
  title =    {Random generators for dependent types},
  booktitle =    {Proceedings of the First International Colloquium on Theoretical Aspects of Computing, Guiyang, China},
  pages =    {342 - 356},
  year =     2004,
  series =   {LNCS 3407},
  month =    {September}
}

@Article{dybjer:ic,
  author =   "Peter Dybjer",
  title =    "Inverse Image Analysis Generalises Strictness Analysis",
  journal =  "Information and Computation",
  year =     1991,
  volume =   90,
  number =   2,
  pages =    "194-216",
  month =    "February"
}

@article{dybjer:informationandsoftwaretechnology,
  author =   {Peter Dybjer and {Qiao Haiyan} and Makoto Takeyama},
  title =    {Verifying Haskell programs by combining testing, model checking and interactive theorem proving},
  journal =   {Information and Software Technology},
  editor =   {Huimin Lin and Hans-Dieter Ehrich and T.H. Tse},
  year =     2004,
  volume =   46,
  number =   15,
  pages =    {1011 - 1025}
}

@InCollection{dybjer:karlsruhe,
  author =   "Peter Dybjer",
  title =    "Inverse Image Analysis",
  booktitle =    "Proceedings of
          ICALP 87",
  publisher =    "Springer-Verlag",
  year =     1987,
  editor =   "Thomas Ottman",
  volume =   267,
  series =   "Lecture Notes in Computer Science",
  pages =    "21-30"
}

@InProceedings{dybjer:laquila,
  author =   {Peter Dybjer and Anton Setzer},
  title =    {A finite axiomatization of inductive-recursive definitions},
  booktitle =    {Typed Lambda Calculi and Applications},
  editor =   {Jean-Yves Girard},
  volume =   1581,
  series =   {Lecture Notes in Computer Science},
  year =     1999,
  publisher =    {Springer},
  month =    {April},
  pages =        {129-146}
}

http://research.microsoft.com/~gonthier/

@inproceedings{dybjer:marstrand,
author  = "Peter Dybjer",
booktitle = "Proceedings of the Workshop on Programming Logic, Marstrand",
title   = "From type theory to {LCF} - a case study in program verification",
year    = "1987"}

@proceedings{dybjer:marstrandproc,
editor  = "Peter Dybjer and Bengt Nordstr{\so}m and Kent Petersson and
       Jan Smith",
title = "Proceedings of the Workshop on Programming Logic, Marstrand",
organization = "Programming Methodology Group, Chalmers Technical University
            and University of G{\"o}teborg, report 37",
month   = "October",
year    = "1987"}

@Misc{dybjer:montevideo,
  author =   {Peter Dybjer},
  title =    {Type Systems},
  month =    {July},
  year =     2003,
  note =     {Slides from lectures at the International Winter School on
Semantics and Applications, Montevideo, Uruguay. {\tt www.cs.chalmers.se/~peterd/} }
}

@inproceedings{dybjer:nancy,
author  = "Peter Dybjer",
booktitle = "Functional Programming Languages and Computer Architecture",
title   = "Program Verification in a Logical Theory of Constructions",
year    = 1985,
month   = "September",
editor  = "J.-P. Jouannaud",
publisher = "Springer-Verlag, LNCS 201",
pages   = "334-349",
note    = "Appears in revised form as Programming Methodology Group
       Report 26, June 1986"}

@InProceedings{dybjer:rome,
  author =   {Peter Dybjer and {Qiao Haiyan} and Makoto Takeyama},
  title =    {Combining Testing and Proving in Dependent Type Theory},
  booktitle =    {Theorem Proving in Higher Order Logics},
  pages =    {188-203},
  year =     2003,
  number =   2758,
  series =   {LNCS},
  month =    {September},
  publisher =    {Springer}
}

@InCollection{dybjer:saarbrucken,
  author =   "Peter Dybjer",
  title =    "Using domain algebras to prove the correctness of a compiler",
  booktitle =    "Symposium on Theoretical Aspects of Computer Science",
  publisher =    "Springer-Verlag",
  year =     1985,
  editor =   "Kurt Mehlhorn",
  volume =   182,
  series =   "Lecture Notes in Computer Science",
  pages =    "98-108",
  month =    "January"
}

@article{dybjer:scp,
author  = "Peter Dybjer",
title   = "Comparing integrated and external logics of functional programs",
journal = "Science of Computer Programming",
year    = "1990",
volume  = 14,
pages   = "59-79"}

@unpublished{dybjer:simultaneous,
author  = "Peter Dybjer",
title = "A general notion of simultaneous inductive-recursive
          definition in type theory",
note  = "Draft paper",
year    = 1994}

@Article{dybjer:stirling,
  author =   "Peter Dybjer and Herbert Sander",
  title =    "A Functional Programming Approach to the
          Specification and Verification of Concurrent Systems",
  journal =  "Formal Aspects of Computing",
  year =     1989,
  volume =   1,
  pages =    "303-319"
}

@Misc{dybjer:stockholm,
  author =   {Peter Dybjer},
  title =    {Normalization by Evaluation for Untyped Combinatory Logic},
  month =    {February},
  year =     2005,
  note =     {Lecture given at the Stockholm - Uppsala Logic Seminar ({\tt http://www.cs.chalmers.se/~peterd/papers/nbe.html}}
}

@phdthesis{dybjer:thesis,
author  = "Peter Dybjer",
title   = "Category-Theoretic Logics and Algebras of Programs",
school  = "Chalmers University of Technology",
year    = 1983}

@techreport{dybjer:uppsala,
author  = "Peter Dybjer",
title   = "Mathematical Proofs in Natural Language",
institution = "Programming Methodology Group, Chalmers University
       and University of {G\"oteborg}",
year    = 1982,
month   = "April",
number  = 5,
note    = "Presented at the First Workshop of the
       Swedish Artificial Intelligence Society,
       Uppsala"}


@Article{dybjer:well,
  author =   {Peter Dybjer},
  title =    {Representing Inductively Defined Sets by Wellorderings
       in {Martin-L\"of's} Type Theory},
  journal =      {Theoretical Computer Science},
  year =     1997,
  volume =       176,
  pages =        {329-335}
}

@InProceedings{dybjersetzer:laquila,
  author =   {Peter Dybjer and Anton Setzer},
  title =    {A finite axiomatization of inductive-recursive definitions},
  booktitle =    {Typed Lambda Calculi and Applications},
  editor =   {Jean-Yves Girard},
  volume =   1581,
  series =   {Lecture Notes in Computer Science},
  year =     1999,
  publisher =    {Springer},
  month =    {April},
  pages =        {129-146}
}



@PhdThesis{ehrhard:thesis,
  author =   "Thomas Ehrhard",
  title =    "Une s\'emantique cat\'egorique des types
          d\'ependents: {Applications au Calcul des Constructions}",
  school =   "Universit\'e Paris VII",
  year =     "1988",
  OPTcrossref =  "",
  OPTkey =   "",
  OPTaddress =   "",
  OPTmonth =     "",
  OPTtype =      "",
  OPTnote =      "",
  OPTannote =    ""
}

@techreport{eriksson:lic,
author  = "Eriksson, Lars-Henrik  and Lars {Halln\sa s}",
title   = "A Programming Calculus Based on Partial Inductive Definitions",
year    = 1988,
institution =  "Department of Computer Sciences, Lund Institute of Technology
and University of Lund",
number  = "LUTDX/(TECS-3011)"}

@inproceedings{fairbairn:aspenas,
author  = "Jon Fairbairn",
title   = "Removing Redundant Laziness from Super-Combinators",
booktitle= "Proceedings of the Workshop on Implementation of Functional
       Languages",
year    = 1985,
month   = "February",
editor  = "Augustsson and Hughes and Johnsson and
           Karlsson",
organization= "Report 17, Programming Methodology Group",
address = "Chalmers University of Technology and University of
          G{\"o}teborg"}

@Article{filinski:untyped,
  author =  "Andrzej Filinski and Henning Korsholm Rohde",
  title =   "Denotational Aspects of Untyped Normalization by
         Evaluation",
  journal = "Theoretical Informatics and Applications",
  year =    "2005",
  volume =  "39",
  number =  "3",
  pages =   "423--453"
}

@phdthesis{fu:thesis,
author = "Yuxi Fu",
title = "Topics in Type Theory",
school = "University of Manchester",
year = 1992}

@inproceedings{gaspes:bastad,
author  = "Veronica Gaspes and Smith, Jan M.",
title   = "Machine Checked Normalization Proofs for Typed Combinator Calculi",
month   = "June",
year    = 1992,
booktitle = "Proceedings of the 1992 Workshop on Types for Proofs and Programs",
editor = "Bengt {Nordstr\"om} and Kent Petersson and Gordon Plotkin"}


@PhdThesis{gaspes:thesis,
  author =   {Veronica Gaspes},
  title =    {A Type Theoretical Analysis of Some Aspects of Programming
Languages},
  school =   {Chalmers University of Technology},
  year =     1997
}

@PhdThesis{ghani:thesis,
  author =   {Neil Ghani},
  title =    {Adjoint Rewriting},
  school =   {University of Edinburgh},
  year =     {1995},
  OPTkey =   {},
  OPTaddress =   {},
  OPTtype =      {},
  OPTmonth =     {},
  OPTnote =      {},
  OPTannote =    {}
}

@unpublished{gimenez:master,
author  = "Eduardo Gim\'enez",
title   = "A Command for Inductive Sets in {ILF}",
note    = "Master Thesis, Universidad de la Rep\'ublica,
          Montevideo",
year    = "1992"}

@inproceedings{girard:rome,
author  = "Girard, Jean-Yves",
title   = "Linear Logic and Parallelism",
booktitle = "Mathematical Models for the Semantics of Parallelism",
month   = "September",
editor  = "Venturini Zilli, Marisa",
publisher = "Springer-Verlag, LNCS 280",
pages   = "166-182",
year    = 1986}

@phdthesis{Girard71,
author  = "Girard, Jean-Yves",
title   = "Th\`ese d'\'Etat",
school  = "Universit\'e Paris VII",
year    = 1971}

@book{godel:collectedworks,
author  = "Kurt {G\"odel}",
title   = "Collected Works, Volumes I and II",
editor  =  "S. Feferman et al.",
publisher = "Oxford University Press",
year = 1986}

@TechReport{gonthier,
  author =   {Georges Gonthier},
  title =    {A computer-checked proof of the four colour theorem},
  institution =  {Microsoft Research Cambridge},
  year =     {2004},
  OPTkey =   {},
  OPTtype =      {},
  OPTnumber =    {},
  OPTaddress =   {},
  OPTmonth =     {},
  OPTnote =      {},
  OPTannote =    {}
}

@InProceedings{gonzalia:databases,
  author =   {Carlos Gonzalia},
  title =    {Relational database theory in {Constructive Type Theory}},
  booktitle =    {Proceedings of the 7th International Seminar on Relational Methods in Computer Science and 2nd International Workshop on Applications of Kleene Algebra},
  pages =    {159-165},
  year =     2003,
  editor =   {Rudolf Berghammer and Bernhard M{\"o}ller},
  month =    {May}
}


@TechReport{gonzalia:lic,
  author =   {Carlos Gonzalia},
  title =    {Relation Calculus in {Martin-L{\"o}f Type Theory}},
  institution =  {School of Computer Science and Engineering, Chalmers University of Technology},
  year =     2002,
  note = {Licentiate thesis},
  number =   {5},
  month =    {March}
}

@InProceedings{gonzalia:quebec,
  author =   {Carlos Gonzalia},
  title =    {The Allegory of {E-}Relations in {Constructive Type Theory}},
  booktitle =    {Relational Methods in Computer Science: The Québec Seminar.},
  year =     2002,
  editor =   {Jules Desharnais, Marc Frappier and Wendy MacCaull},
  publisher =    {Methodos Publishers}
}

@inproceedings{gordon:brics,
          author = "Andrew D. Gordon",
          booktitle = "Eleventh Annual Conference on
          Mathematical Foundations of Programming Semantics",
          title = "Bisimilarity as a
          Theory of Functional Programming",
          year = 1995}

@InCollection{gordon:coht,
author = "R. Gordon and A. J. Power and R. Street",
title  = "Coherence for tricategories",
booktitle = "Memoirs of the American Mathematical Society",
note = "To appear"}

@unpublished{gordon:hol,
author  = "Michael J. C. Gordon",
title   = "How to Specify and Verify Hardware Using Higher Order Logic",
note    = "Lecture Notes, University of Cambridge",
year    = 1984}

@book{gordon:lcf,
author  = "Michael Gordon and Robin Milner and Christopher Wadsworth",
title   = "Edinburgh LCF",
publisher= "Springer-Verlag, LNCS 70",
year    = 1979}

@inproceedings{gordon:vlsi,
author  = "Michael Gordon",
title   = "{HOL}: a Proof Generating System for Higher-Order Logic",
editor = "Graham Birtwistle and Subrahmanyan",
booktitle = "VLSI Specification, Verification and Synthesis",
pages   = "73-128",
publisher = "Kluwer Academic Publishers",
year    = 1988}



@@unpublished{griffor:palmgren,
  author =   {Edward Griffor and Erik Palmgren},
  title =    {An Intuitionistic Theory of Transfinite Types},
  year =    {Draft 14 July, 1990}
}

@Article{griffor:aml,
  author =   {Edward Griffor and Michael Rathjen},
  title =    {The strength of some {Martin-L\"of} type theories},
  journal =      {Archive for Mathematical Logic},
  year =     1994,
  volume =   33,
  pages =    {337-385}
}

@book{griffor:book,
author  = "Ed R. Griffor and
     {Ingrid Lindstr\"om} and Viggo Stoltenberg-Hansen",
title = "Mathematical Theory of Domains",
note    = "To appear",
year    = "1994"}




@article{griffrathj94,
author = {Griffor, E. and Rathjen, M.},
title = {The strength of some {Martin-L{\"o}f} type theories},
journal = {Archive for Mathematical Logic},
year = {1994},
volume = {33},
pages = {347 -- 385},
sect = {Proof theory},
sort = {Articles},
abstract = {Rathjen und Griffors paper "uber MLT}
}


@article{hagiya:ngc,
title   = "Foundation of Logic Programming Based on Inductive Definition",
author  = "Masami Hagiya and Takafumi Sakurai",
journal = "New Generation Computing",
volume  = 2,
year    = 1984,
pages   = "59-77"}

@article{hallnas:tcs,
author = "Lars {Halln\"as}",
title  = "An intensional characterization of the largest
          bisimulation",
journal = "Theoretical Computer Science",
year = 1987,
volume = 53,
pages = "335-343"}

@phdthesis{hansson:thesis,
author  = "{\AA ke} Hansson",
title   = "A Formal Development of Programs",
school  = "Department of Information and Computer Science, University
of Stockholm",
year    = 1980}

year    = 1993,
month   = May}

@INPROCEEDINGS{harper:ithaca,
title   = "A Framework for Defining Logics",
author  = "Robert Harper and Furio Honsell and Gordon Plotkin",
booktitle = "Proceedings of the 1987 Logic in Computer Science Conference",
year    = 1987,
month   = "June"}

@inproceedings{harper:lics,
author  = "Robert Harper and Furio Honsell and Gordon Plotkin",
title   = "A Framework for Defining Logics",
pages   = "193-204",
year    = 1987,
booktitle = "The Second Annual Symposium on Logic in Computer Science"}

@UNPUBLISHED{harrison:draft,
author  = "P. G. Harrison and H. Khoshnevisan",
title   = "On the synthesis of function inverses",
year    = 1986,
month   = "October",
note    = "Draft paper, Department of Computing, Imperial College, London"}

@unpublished{hedberg:domain,
author  = "Michael Hedberg",
title   = "A Type-Theoretic Interpretation of Constructive Domain
          Theory",
year    = 1994,
note    = "Draft paper. To appear as part of forthcoming Ph.D. thesis,
           Department of Computing Science, Chalmers University of
          Technology
           and University of {G\"oteborg}"}

@article{hedberg:facs,
author  = "Michael Hedberg",
title   = "Normalizing the Associative Law: an Experiment with {Martin-L{\"o}f's}
        Type Theory",
year    = 1991,
pages   = "218-252",
journal = "Formal Aspects of Computing"}

@article{hedberg:lic,
author  = "Michael Hedberg",
title   = "Normalizing the Associative Law: An Experiment with {Martin-L{\"o}f's}
        Type Theory",
year    = 1991,
volume  = 3,
pages   = "218-252",
journal = "Formal Aspects of Computing"}

@PhdThesis{hedberg:thesis,
  author =   "Michael Hedberg",
  title =    "Type Theory and the External Logic of Programs",
  school =   "Chalmers University of Technology and University of {G\"oteborg}",
  year =     "1994",
  OPTcrossref =  "",
  OPTkey =   "",
  OPTaddress =   "",
  OPTmonth =     "May",
  OPTtype =      "",
  OPTnote =      "",
  OPTannote =    ""
}

@unpublished{hedberg:unicity,
author  = "Michael Hedberg",
title   = "Uniqueness and internal decidability in type theory",
year    = 1995,
note = "Draft paper"}

@incollection{herbrand:vanheijenoort,
author = "J. Herbrand",
title   = "On the consistency of arithmetic",
booktitle = "From Frege to {G\"odel}",
publisher = "Harvard University Press",
pages   = "618-628",
editor  = "J. van Heijenoort"}

@incollection{hilbert:vanheijenoort,
title   = "On the infinite",
booktitle = "From Frege to {G\"odel}",
publisher = "Harvard University Press",
pages   = "367-392",
editor  = "J. van Heijenoort"}

@Book{hindleyseldin,
  author =   {J.R. Hindley and J.P. Seldin},
  title =    {Introduction to Combinators and Lambda-Calculus},
  publisher =    {Cambridge University Press},
  year =     {1986},
  OPTkey =   {},
  OPTeditor =    {},
  OPTvolume =    {},
  OPTnumber =    {},
  series =   {London Mathematical Society, Student Text 1},
  OPTaddress =   {},
  OPTedition =   {},
  OPTmonth =     {},
  OPTnote =      {},
  OPTannote =    {}
}

@INPROCEEDINGS{hitchcock:icalp73,
title   = "Induction Rules and Termination Proofs",
author  = "Peter Hitchcock and David Park",
booktitle = "Automata, Languages, and Programming",
editor  = "M. Nivat",
publisher = "Springer-Verlag",
year    = "1973",
pages   = "225-251"}

@inproceedings{hofmann:conservativity,
  author    = {Martin Hofmann},
  editor    = {Stefano Berardi and
               Mario Coppo},
  title     = {Conservativity of Equality Reflection over Intensional Type Theory},
  booktitle = {Types for Proofs and Programs, International Workshop TYPES'95, Torino,
               Italy, June 5-8, 1995, Selected Papers},
  series    = {Lecture Notes in Computer Science},
  volume    = {1158},
  pages     = {153--164},
  publisher = {Springer},
  year      = {1995},
  url       = {https://doi.org/10.1007/3-540-61780-9\_68},
  doi       = {10.1007/3-540-61780-9\_68},
  timestamp = {Tue, 14 May 2019 10:00:42 +0200},
  biburl    = {https://dblp.org/rec/conf/types/Hofmann95.bib},
  bibsource = {dblp computer science bibliography, https://dblp.org}
}

@InCollection{hofmann:cambridge,
  author =   {Martin Hofmann},
  title =    {Syntax and Semantics of Dependent Types},
  booktitle =    {Semantics and Logics of Computation},
  publisher =    {Cambridge University Press},
  year =     1996,
  editor =   {Andrew Pitts and Peter Dybjer}
}

@InProceedings{hofmann:csl,
  title =   "On the Interpretation of Type Theory in Locally
         Cartesian Closed Categories",
  author =  "Martin Hofmann",
  publisher =   "Springer",
  year =    "1994",
  volume =  "933",
  bibdate = "2002-02-12",
  booktitle =   "CSL",
  editor =  "Leszek Pacholski and Jerzy Tiuryn",
  series =  "Lecture Notes in Computer Science",
}

@inproceedings{hofmann:groupoid,
          author = "Martin Hofmann and Thomas Streicher",
          title = "A groupoid model refutes uniqueness of
          identity proofs",
          booktitle = "LICS 1994",
          pages = "208-212",
          publisher = "IEEE Press",
          year =1994}

@INPROCEEDINGS{hofmann:nijmegen,
author  = "Martin Hofmann",
title   = "Elimination of extensionality and quotient types in
            {Martin-L\"of's} type theory",
booktitle = "Types for Proofs and Programs, International Workshop TYPES'93,
LNCS 806",
year    = "1994"}

@book{hofmann:phd,
  author    = {Martin Hofmann},
  title     = {Extensional constructs in intensional type theory},
  series    = {{CPHC/BCS} distinguished dissertations},
  publisher = {Springer},
  year      = {1997},
  isbn      = {978-3-540-76121-1},
  timestamp = {Tue, 05 Nov 2013 17:32:56 +0100},
  biburl    = {https://dblp.org/rec/books/daglib/0088162.bib},
  bibsource = {dblp computer science bibliography, https://dblp.org}
}

@phdthesis{hofmann:thesis,
author = "Martin Hofmann",
title = "Extensional concepts in intensional type
          theory",
school = "University of Edinburgh",
year = 1995}

@INPROCEEDINGS{holmstrom:stirling,
author  = "{S{\"o}ren} {Holmstr{\"o}m}",
title   = "Hennessy-{M}ilner Logic with Recursion as a Specification Language,
       and a Refinement Calculus Based on It",
booktitle = "Specification and Verification of Concurrent Systems,
         Proceedings BCS-FACS Workshop",
year    = 1988,
month   = "July",
publisher = "Department of Computing Science, University of Stirling,
         Technical Report TR45"}

@article{howard:bar,
author = "W. Howard",
title  = "Functional interpretation of bar induction by bar recursion",
journal = "Compositio Mathematica",
volume = 20,
pages  = "107 - 124"}


@inproceedings{huet:categories,
author = "G\'erard Huet and Amokrane Saibi",
title  = "Constructive Category Theory",
          booktitle = "Proceedings of the Joint CLICS-TYPES
          Workshop on Categories and Type Theory,
          {G\"oteborg}",
          year = 1995,
          month = "January"}

@unpublished{huet:lambdacoq,
author = "G\'erard Huet",
title  = "Residual theory in $\lambda$-calculus:
      a complete {Gallina} development",
year = 1993}

@incollection{hughes:ai,
author  = "R. John M. Hughes",
title   = "Analysing Strictness by Abstract Interpretation of Continuations",
booktitle= "Abstract Interpretation of Declarative Languages",
chapter = 4,
pages   = "63-102",
publisher= "Ellis Horwood",
year    = 1987,
editor  = "Samson Abramsky and Chris Hankin"}


@INPROCEEDINGS{hughes:diku,
author  = "R. John M. Hughes",
title   = "Strictness Detection in Non-Flat Domains",
booktitle= "Programs as Data Objects",
year    = 1985,
editor  = "N.D. Jones",
publisher= "Springer-Verlag, LNCS 217",
month   = "October",
pages   = "112-135"}

@unpublished{jacobs:inductive,
author  = "Bart Jacobs",
title   = "Inductively defined types in dependent type theory",
year    = 1993,
note = "Draft version"}

@phdthesis{johnsson:thesis,
author  = "Thomas Johnsson",
title   = "Compiling Lazy Functional Languages",
school  = "Chalmers University of Technology",
year    = 1987}

@inproceedings{kahn:ifip74,
author  = "Gilles Kahn",
title   = "The semantics of a simple language for parallel processing",
booktitle = "Information Processing 74",
publisher = "North Holland",
year    = 1974,
pages   = "471-475"}

@inproceedings{kahn:ifip77,
author  = "Gilles Kahn and David MacQueen",
title   = "Coroutines and networks of parallel processes",
booktitle = "Information Processing 77",
publisher = "North Holland",
year    = 1977,
pages   = "993-998"}

@techreport{kahn:naturalsemantics,
author  = "Gilles Kahn",
title   = "Natural Semantics",
year    = 1987,
number  = 601}

@article{kameyama:halfpositive,
author  = "Yukiyoshi Kameyama",
title   = "A Type-Free Theory of Half-Monotone Inductive Definitions",
journal = "International Journal of Foundations of Computer Science",
volume  = 6,
number  = 3,
year    = 1995,
pages   = "203-234"}

@unpublished{karlsson:canterbury,
author  = "Kent Karlsson",
title   = "Access and Demand Analysis of Functional Programs",
note    = "Notes from a talk given at the Workshop on Abstract Interpretation,
Canterbury, August, 1985"}

@unpublished{kearney:dataflow,
title   = "An Extensional Fixed Point Semantics for Non-Deterministic
       Data Flow",
author  = "Peter F. Kearney and John Staples"}



@inproceedings{keller:anomaly,
author  = "Robert M. Keller",
title   = "Denotational Models for Parallel Programs with Indeterminate
        Operators",
editor  = "E. J. Neuhold",
booktitle = "Formal Description of Programming Concepts",
publisher = "North-Holland",
year    = 1978,
pages   = "377-366"}

@phdthesis{lafont:thesis,
author  = "Yves Lafont",
title   = "Logique, Categories \& Machines. Implantation de Langages de
       Programmation guid\'ee par la Logique Cat\'egorique",
month   = "January",
year    = 1988,
school  = "l'Universite Paris VII"}

@book{lambek:clics,
author  = "Joachim Lambek and Phil Scott",
title   = "Introduction to Higher Order Categorical Logic",
publisher = "Cambridge University Press",
year    = 1986}

@article{landin:cacm,
author  = "Peter Landin",
title   = "A correspondence between {ALGOL} 60 and {C}hurch's lambda notation:
       part {I}",
journal = "CACM",
volume  = 8,
number  = 2,
year    = 1965,
pages   = "89-101"}

@article{landin:computerjournal,
author  = "Peter Landin",
title   = "The mechanical evaluation of expressions",
journal = "Computer Journal",
pages   = "308-320",
volume  = 6,
number  = 4,
year    = 1964}

@inproceedings{larsen:caap,
author  = "Kim Guldstrand Larsen",
title   = "Proof Systems for {Hennessy-Milner} Logic with Recursion",
booktitle = "CAAP '88",
publisher = "Springer-Verlag, LNCS 299",
year    = 1988}

@incollection{lawvere:hyperdoctrines,
author = "Lawvere, F. William",
title = "Equality in hyperdoctrines and comprehension schema as an
          adjoint functor",
booktitle = "Applications of Categorical Algebra, Proceedings of
          Symposia in Pure Mathematics",
publisher = "AMS",
year = 1970,
editor = "A. Heller"}

@inproceedings{leszczylowski:lcf,
author  = "Jacek Leszczy{\l}owski",
title   = "An experiment with `{E}dinburgh {L}{C}{F}'",
booktitle= "Fifth Conference on Automated Deduction, LNCS 87",
year    = 1981,
editor  = "W. Bibel and R. Kowalski",
pages   = "170-181"}

@techreport{lindstrom:cpo,
author  = "Ingrid {Lindstr{\"o}m}",
title   = "CPO-interpretations of {Martin-L{\"o}f's} type theory",
institution = "Uppsala University, Department of Mathematics",
year    = 1987,
number  = 1}

@article{lindstrom:jsl,
author  = "Ingrid {Lindstr{\"o}m}",
title   = "A construction of non-well-founded sets with {Martin-L\"of's}
         type theory",
journal = "Journal of Symbolic Logic",
year    = 1989,
volume  = 54,
number  = 1,
pages   = "57-64"}

@techreport{lofwall:sn,
author  = "Claes {L\"ofwall} and Gunnar {Sj\"odin}",
title   = "Strong normalizability in {Martin-L{\"o}f's} type theory",
institution = "Swedish Institute of Computer Science",
year    = 1991,
number  = "R91-09"}

@book{lorenzen:book,
author = "K. Lorentzen",
title = "M\'etamath\'ematique",
year = 1962,
publisher = "Edition Gauthier-Villars"}


@article{lorenzen:jsl,
author = "K. Lorentzen",
title = "{Algebraische und logistische Untersuchung \"uber freie
          Verb\"ande}",
journal = "Journal of Symbolic Logic",
volume = 16,
year = 1951,
pages = "81-106"}

@Book{luo:book,
  author =   "Zhaohui Luo",
  title =    "Computation and Reasoning: A Type Theory for
          Computer Science",
  publisher =    "Oxford University Press",
  year =     "1994",
  OPTcrossref =  "",
  OPTkey =   "",
  OPTeditor =    "",
  OPTvolume =    "",
  OPTnumber =    "",
  OPTseries =    "",
  OPTaddress =   "",
  OPTedition =   "",
  OPTmonth =     "",
  OPTnote =      "",
  OPTannote =    ""
}

@book{taylor:pfm,
author = "Paul Taylor",
title = "Practical Foundations of Mathematics",
publisher = "Cambridge University Press",
year = 1999}

@unpublished{leinster:bicategories,
author = "Tom Leinster",
title = "Basic Bicategories",
year = 1999,
note = "{\tt arXiv:math/9810017v1}"
}

@techreport{luo:lego,
author  = "Zhaohui Luo and Randy Pollack and Paul Taylor",
title   = "How to use {LEGO} (a preliminary user's manual)",
institution = "University of Edinburgh",
year    = 1989}

@book{maclane:categories,
author  = "Saunders {Mac Lane}",
title   = "Categories for the Working Mathematician",
publisher = "Springer-Verlag",
year    = 1971}

@article{manna:toplas,
author  = "Zohar Manna and Richard Waldinger",
title   = "A Deductive Approach to Program Synthesis",
journal = "ACM TOPLAS",
year    = 1980,
volume  = 2,
number  = 1,
pages   = "92-121"}

@article{martinlof:ac,
author  = "Martin-L{\"o}f, Per",
title   = "100 years of {Zermelo's} axiom of choice: what was the problem with it? ",
journal = "The Computer Journal",
volume = 49,
number = 3,
pages = "343-350",
year = 2006}

@InProceedings{martinlof:72,
author  = "Martin-L{\"o}f, Per",
title   = "An Intuitionistic Theory of Types",
booktitle =    {Twenty-Five Years of Constructive Type Theory},
  editor =       {G. Sambin and J. Smith},
  year =         {1998},
  publisher =    {Oxford University Press},
  note =         {Reprinted version of an unpublished report
                  from 1972}
}


@inproceedings{martinlof:definitional,
author  = "Martin-L{\"o}f, Per",
title   = "About Models for Intuitionistic Type Theories and The Notion of
       Definitional Equality",
booktitle= "Proceedings of the 3rd Scandinavian Logic Symposium",
year    = 1975,
pages   = "81-109",
editor = "S. Kanger"}

@unpublished{martinlof:edinburgh,
author  = "Martin-L{\"o}f, Per",
title   = "The Logic of Judgements",
note    = "Notes from a lecture given at the {W}orkshop on {G}eneral {L}ogic,
       {E}dinburgh",
year    = 1987,
month   = "February"}

@inproceedings{martinlof:gbg,
author  = "Martin-L{\"o}f, Per",
title   = "The Domain Interpretation of Type Theory, Lecture Notes",
booktitle= "Workshop on Semantics of Programming Languages, Abstracts and
          Notes",
year    = 1983,
month   = "August",
editor  = "Kent Karlsson and Kent Petersson",
organization= "Programming Methodology Group",
address = "Chalmers University of Technology and University of G{\"o}teborg"}

@unpublished{martinlof:gbg86,
author  = "Martin-L{\"o}f, Per",
title   = "Amendment to Intuitionistic Type Theory",
note    = "Notes from a lecture given in {G}{\"o}teborg",
year    = 1986,
month   = "March"}

@inproceedings{martinlof:oslo,
author  = "Martin-L{\"o}f, Per",
title   = "Hauptsatz for the Intuitionistic Theory of Iterated Inductive
       Definitions",
booktitle= "Proceedings of the Second Scandinavian Logic Symposium",
year    = 1971,
pages   = "179-216",
editor  = "J. E. Fenstad",
publisher = "North-Holland"}

@book{martinlof:thesis,
author = "Martin-L{\"o}f, Per",
title  = "Notes on Constructive Mathematics",
publisher = "Almqvist \& Wiksell, Stockholm",
year = 1968}

@InProceedings{martinlof:venice,
author  = "Martin-L{\"o}f, Per",
title   = "An Intuitionistic Theory of Types",
booktitle =    {Twenty-Five Years of Constructive Type Theory},
  editor =       {G. Sambin and J. Smith},
  year =         {1998},
  publisher =    {Oxford University Press},
  note =         {To appear. Reprinted version of an unpublished report
                  from 1972}
}

@incollection{mccarthy:compiler,
author = "John McCarthy and J. A. Painter",
title = "Correctness of a compiler for arithmetic expressions",
booktitle = "Mathematical Aspects of Computer Science",
publisher = "AMS",
pages = "33-41",
year = 1967}

@inproceedings{mendler:amsterdam,
author  = "Paul Francis Mendler",
title   = "Type Universes and Primitive Recursion",
booktitle = "Proceedings Sixth Annual Synposium on Logic in Computer Science",
year    = 1991,
publisher = "IEEE Computer Society Press"}

@inproceedings{mendler:edinburgh,
author  = "Paul Francis Mendler and Peter Aczel",
title   = "The notion of a {Framework} and a framework for {LTC}",
booktitle = "Proceedings of the 1988 Logic in Computer Science Conference",
year    = 1988,
month   = "June"}

@techreport{mendler:tech,
author  = "Paul Francis Mendler",
title   = "First- and Second-Order Lambda Calculi with Recursive Types",
institution = "Department of Computer Science, Cornell University, Ithaca,
           N.Y.",
year    = 1986,
month   = "July",
number  = "TR-86-764"}





@phdthesis{mendler:thesis,
author  = "Paul Francis Mendler",
title   = "Inductive Definition in Type Theory",
school  = "Cornell University",
year    = 1987,
month   = "September"}

@Book{milner:sml,
  author =   {Robin Milner and Mads Tofte and Robert Harper},
  title =    {The Definition of Standard ML},
  publisher =    {MIT Press},
  year =     1990
}

@article{mitchell:apal,
author  = "John C. Mitchell and Eugenio Moggi",
title   = "Kripke-style models for typed lambda calculus",
journal = "Annals of Pure and Applied Logic",
pages   = "99-124",
volume  = 51,
year    = 1991}

@inproceedings{mitchell:sconing,
author  = "John C. Mitchell and Andre Scedrov",
title   = "Notes on Sconing and Relators",
booktitle = "Computer Science Logic '92, Selected
          Papers",
editor = "{E. B\"orger et al.}",
publisher = "Springer Lecture Notes in Computer
          Science 702",
pages = "352-378",
year    = "1993"}

@article{mogensen:jfp,
author  = "Mogensen, Torben {\AE}.",
title   = "Efficient self-interpretation in lambda calculus",
journal = "Journal of Functional Programming",
volume  = 2,
number  = 3,
pages   = "345-364",
year    = 1992}

@phdthesis{mycroft:thesis,
author  = "Alan Mycroft",
title   = "Abstract Interpretation and Optimising Transformations for
       Applicative Programs",
school  = "University of Edinburgh",
year    = 1981}

@Article{noel,
  author =   "Philippe {No\"el}",
  title =    "Experimenting with {Isabelle} in {ZF} Set Theory",
  journal =  JAR,
  volume =   10,
  number =   1,
  pages =    "15--58",
  year =     1993
}

@article{nordstrom:bit,
  author =   "Bengt Nordstr{\"o}m",
  journal =  "BIT",
  volume =   28,
  pages =    "605-619",
  title =    "Terminating General Recursion",
  year =     "1988"
}

@inproceedings{nordstrom:copenhagen,
author  = "Bengt Nordstr{\"o}m",
booktitle= "Programs as Data Objects",
year    = 1985,
editor  = "N.D. Jones",
publisher= "Springer-Verlag, LNCS 217",
month   = "October",
title   = "Multilevel functions in {M}artin-{L}{\"o}f's type theory",
pages   = "206-221"}

@inproceedings{nordstrom:paris,
author  = "Bengt Nordstr{\"o}m and Kent Petersson",
title   = "Types and Specifications",
booktitle= "Information Processing 83",
year    = 1983,
publisher= "North-Holland",
pages   = "915-920"}

@unpublished{normann:draft,
author  = "Dag Normann",
title   = "Inductively and recursively defined types",
note    = "A seminar report, Department of Mathematics, University of
       Oslo",
year    = 1987}

@article{novikoff:consistency,
author  = "Novikoff, P.S.",
title   = "On the consistency of certain logical calculus",
journal = "Matematiceskij sbornik (Recueil Math\'ematique)",
volume  = 12,
number = 54,
pages   = "230-260",
year    = 1943}

@BOOK{nuprl,
author = {Constable, Robert L. and Stuart F. Allen and H. M. Bromley and W. R. Cleaveland and J. F. Cremer and R. W. Harper and Douglas J. Howe and T. B. Knoblock and N. P. Mendler and P. Panangaden and James T. Sasaki and Scott F. Smith},
title = {Implementing Mathematics with the {Nuprl} Proof Development System},
year = {1986},
publisher = {Prentice-Hall},
address = {NJ}
}

@Misc{nuprl-project,
  title =     {The {NuPRL} Project},
  year =     2004,
  note =     {{\tt http://www.cs.cornell.edu/Info/Projects/NuPRL/nuprl.htl}}
}

@inproceedings{palmgren:bastad,
author  = "Erik Palmgren and Viggo Stoltenberg-Hansen",
title   = "Domain Interpretation of Intuitionistic Type Theory",
editor  = "Peter Dybjer and Lars {Halln\"as} and Bengt {Nordstr{\"o}m}
       and Kent Petersson and Jan Smith",
booktitle = "Proceedings of the Workshop on Programming Logic, {B\aa stad}",
note    = "To appear",
year    = 1989}

@phdthesis{palmgren:thesis,
author  = "Erik Palmgren",
title   = "On Fixed Point Operators, Inductive Definitions and Universes
in {Martin-L\"of's} Type Theory",
year    = 1991,
school = "Uppsala University"}

@incollection{palmgren:venice,
author = {Erik Palmgren},
title = {On Universes in Type Theory},
booktitle =    {Twenty-Five Years of Constructive Type Theory},
editor =       {G. Sambin and J. Smith},
  year =         {1998},
  publisher =    {Oxford University Press}
}

@inproceedings{parigot:nancy,
author = "Michel Parigot",
title  = "Programming with Proofs: a Second Order Type Theory",
booktitle = "ESOP'88, 2nd European Symposium on Programming, Nancy,
          LNCS 300",
editor   = "H. Ganzinger",
year    = 1988,
month   = "March",
pages   = "145-159"}

@inproceedings{park:amsterdam,
author  = "David Park",
title   = "The `fairness' problem and nondeterministic computing networks",
booktitle = "Foundations of Computer Science IV.2",
editor  = "de Bakker, J. W. and van Leeuwen, J.",
publisher = "Mathematical Centre Tracts 159, Amsterdam",
year    = 1983,
pages   = "133-161"}

@inproceedings{park:gi,
author  = "David Park",
title   = "Concurrency and Automata on Infinite Sequences",
booktitle = "Proceedings of the 5th GI-conference",
publisher = "Springer-Verlag, LNCS 104",
pages   = "167-183",
year    = 1981}

@incollection{park:machine5,
author  = "David Park",
title   = "Fixpoint Induction and Proofs of Program Properties",
booktitle = "Machine Intelligence 5",
pages   = "59-78",
publisher = "Edinburgh University Press",
year    = 1970}



@article{park:tcs,
author  = "David Park",
title   = "Finiteness is Mu-Ineffable",
journal = "Theoretical Computer Science",
pages   = "173-181",
volume  = 3,
year    = "1976"}

@inproceedings{paulin:utrecht,
author  = "Christine Paulin-Mohring",
booktitle = "Proceedings Typed $\lambda$-Calculus and Applications",
title = "Inductive Definitions in the system {Coq} - Rules and Properties",
month = "March",
year  = 1993,
publisher = "Springer-Verlag, LNCS",
pages = "328-245"}

@article{paulson:jar,
author  = "Lawrence C. Paulson",
title   = "Proving Termination of Normalization Functions for
       Conditional Expressions",
journal = "Journal of Automated Reasoning",
year    = "1986",
pages   = "63-74",
volume  = 2}

@article{paulson:jar-isabelle,
author  = "Lawrence C. Paulson",
title   = "The Foundation of a Generic Theorem Prover",
journal = "Journal of Automated Reasoning",
year    = "1989",
pages   = "363-397",
volume  = 5}

@article{paulson:jsc,
author  = "Lawrence C. Paulson",
title   = "Constructing Recursion Operators in Intuitionistic Type Theory",
year    = "1986",
journal = "Journal of Symbolic Computation",
volume  = 2,
pages   = "325-355"}

@inproceedings{petersson:manchester,
author  = "Kent Petersson and Dan Synek",
title   = "A Set Constructor for Inductive Sets in {Martin-L{\"o}f's} Type Theory",
booktitle = "Category Theory and Computer Science",
publisher = "Springer-Verlag, LNCS 389",
year    = 1989,
pages   = "128-140"}

@article{pfenning:tcs,
author  = "Pfenning, F. and Lee, P.",
title   = "Metacircularity in the polymorphic lambda-calculus",
journal = "Theoretical Computer Science",
year    = 1991,
volume  = 89,
pages   = "137-159"}

@incollection{pitts:cambridge,
          author= "Andrew M. Pitts",
          title = "Operationally-Based Theories of
                   Program Equivalence",
          booktitle = "Semantics and Logics of Computation",
          editor = "P. Dybjer and A. M. Pitts",
          publisher = "Cambridge University Press",
          year = 1996,
          note = "To appear"}

@incollection{pitts:handbook,
author  = "Andrew M. Pitts",
title   = "Categorical Logic",
booktitle = "Handbook of Logic in Computer Science",
publisher = "Oxford University Press",
note    = "Draft version of article to appear",
year    = 1997}


@unpublished{pitts:mfps,
author  = "Andrew M. Pitts",
title   = "Computational adequacy via `mixed' inductive definitions",
note = "Draft paper",
year = 1993}

@thesis{schroederheister:thesis,
author  = "Peter {Schroeder-Heister}"}

@incollection{pitts:montreal,
author  = "Andrew M. Pitts",
title   = "Relational properties of recursively defined domains",
booktitle = "Proc. 8th Annual Symposium on Logic in Computer Science,
{Montr\'eal}",
publisher = "IEEE Computer Soc. Press",
pages = "86-97",
year    = 1993}

@article{pitts:tcs,
author  = "Andrew M. Pitts",
title   = "A co-induction principle for recursively defined domains",
journal = "Theoretical Computer Science",
note    = "To appear"}

@techreport{plotkin:aarhus,
author  = "Gordon D. Plotkin",
title   = "A Structural Approach to Operational Semantics",
institution = "Computer Science Depratment, Aarhus University,
Aarhus, Denmark",
number = "DAIMI FN -19",
year    = 1981}

@inproceedings{plotkin:copenhagen,
author  = "Gordon D. Plotkin",
title   = "Dijkstra's predicate transformers and {S}myth's powerdomains",
booktitle = "Abstract Software Specifications",
editor  = "Dines {Bj\o rner}",
publisher = "Springer-Verlag, LNCS 86",
year    = 1980}

@string{archmathlog = {Archiv math. Logic}}

@PhdThesis{pollack,
  author =  "Robert Pollack",
  title =   "The Theory of {LEGO}: {A} Proof Checker for the
         Extended Calculus of Constructions",
  school =  "University of Edinburgh",
  year =    "1994",
  keywords =    "misc",
  fullurlps =   "ftp://ftp.cs.chalmers.se/pub/users/pollack/thesis.ps.Z",
  address = "Edinburgh, Scotland",
}




@PhdThesis{pollack:thesis,
  author =   "Robert Pollack",
  title =    "The Theory of Lego A Proof Checker for the Extended
          Calculus of Constructions",
  school =   "University of Edinburgh",
  year =     1994
}




@incollection{post:unsolvable,
author = "Emil Post",
title  = "Absolutely unsolvable problems and relatively
undecidable propositions. Account of an anticipation",
booktitle = "The undecidable",
editor = "M. Davis",
publisher = "Raven Press, Hewlett, NY",
year = 1965}

@PhdThesis{qiao:thesis,
  author =   {{Qiao Haiyan}},
  title =    {Testing and Proving in Dependent Type Theory},
  school =   {School of Computer Science and Engineering, Chalmers University of Technology},
  year =     2003
}


@Article{rathjen:apal,
  author =   {Michael Rathjen and Edward R. Griffor and Erik Palmgren},
  title =    {Inaccessibility in constructive set theory and type theory},
  journal =      {Annals of Pure and Applied Logic},
  volume =       94,
  pages  =       "181 -- 200",
  year =     1998,
}



@PhdThesis{ritter:thesis,
  author =   "Eike Ritter",
  title =    "Categorical Abstract Machines for Higher-Order Typed
          Lambda Calculi",
  school =   "Trinity College, Cambridge",
  year =     "1992",
  OPTcrossref =  "",
  OPTkey =   "",
  OPTaddress =   "",
  month =    "September",
  OPTtype =      "",
  OPTnote =      "",
  OPTannote =    ""
}

@inproceedings{robinson:edinburgh,
author  = "Edmond Robinson",
title   = "Logical Aspects of Denotational Semantics",
booktitle = "Category Theory and Computer Science",
editor  = "D. H. Pitt and A. Poign\'{e} and D. E. Rydeheard",
publisher = "Springer-Verlag, LNCS 283",
month   = "September",
year    = 1987,
pages   = "238-253"}

@book{rydeheard:book,
author = "David E. Rydeheard and Rod M. Burstall",
publisher = "Prentice Hall",
title  = "Computational Category Theory",
year   = 1988}



@techreport{salvesen:candscient,
author  = "Salvesen, Anne B.",
title   = "Typeteori - en studie",
institution = "Department of Computer Science, University of Oslo",
year    = 1984,
note    = "Cand.Scient-thesis"}

@PhdThesis{salvesen:thesis,
  author =   {Anne Salvesen},
  title =    {On information discharging and retrieval in Martin-L\"of Type Theory},
  school =   {University of Oslo},
  year =     {1989},
  OPTkey =   {},
  OPTaddress =   {},
  OPTtype =      {},
  OPTmonth =     {},
  OPTnote =      {},
  OPTannote =    {}
}

@phdthesis{sander:phd,
author  = "Sander, Herbert P.",
title   = "A Logic of Functional Programs with an Application to Concurrency",
institution = "Deparment of Computer Sciences at Chalmers University of
Technology and University of {G\"oteborg}",
year    = 1992}

@ARTICLE{schroederheister:jsl,
author  = "Peter {Schroeder-Heister}",
title   = "A natural extension of natural deduction",
journal = "Journal of Symbolic Logic",
year    = 1984,
month   = "December",
volume  = 49,
number  = 4}

@unpublished{schroederheister:konstanz,
author  = "Peter {Schroeder-Heister}",
title   = "Judgements of Higher Levels and Standardized Rules for Logical
       Constants in {Martin-L{\"o}f's} Theory of Logic",
year    = 1985,
month   = "June",
note    = "Unpublished paper"}

@inproceedings{scott:aarhus,
author  = "Dana S. Scott",
title   = "Domains for Denotational Semantics",
booktitle= "Automata, Languages and Programming, Proceedings of the
        9th International Colloquium",
year    = 1982,
pages   = "577-613",
publisher= "Springer-Verlag, LNCS 140",
month   = "July"}

@InProceedings{scott:combinators,
  author    = {Dana S. Scott},
  title = {Combinators and classes},
  editor    = {Corrado B{\"o}hm},
  booktitle = {Lambda-Calculus and Computer Science Theory},
  pages = {1--26},
  publisher = springer,
  series    = lncs,
  volume    = 37,
  year  = 1975
}

@techreport{scott:oxford,
author  = "Dana S. Scott",
title   = "Lectures on a Mathematical Theory of Computation",
institution= "Oxford University Programming Research Group",
year    = 1981,
month   = "May",
number  = "PRG-19"}

@inproceedings{scott:versailles,
author  = "Dana S. Scott",
title   = "Constructive Validity",
booktitle = "Symposium on Automatic Demonstration",
publisher = "Springer Lecture Notes in Mathematics 125",
pages = "237-275",
year    = 1970}

@phdthesis{setz93,
author= {Anton Setzer},
title = {Proof theoretical strength of
{M}artin-{L\"of} {T}ype {T}heory with {W}-type and one universe},
school = {Universit\"at M\"unchen},
year = {1993},
abstract = { }
}

@article{setz95a,
author = {Anton Setzer},
title = {Well-ordering proofs for
{Martin-L\"of} type theory},
journal = {Annals of Pure and Applied Logic },
volume = {92},
year = {1998},
pages = {113 -- 159},
abstract = { }
}

@unpublished{setz96c,
author= {Setzer, A.},
title = {An upper bound for the proof theoretical strength of
{M}artin-{L{\"o}f} {T}ype {T}heory with {W}-type and one {U}niverse},
note={Draft},
year = {1996}
}

@article{setzer:mahlo,
  title     = {Extending {Martin-L{\"o}f} Type Theory by one {Mahlo} universe},
  journal   = {Archive for Mathematical Logic},
  volume    = {39},
  number    = {3},
  year      = {2000},
  pages     = {155-181},
  author = {Anton Setzer}
}

@PhdThesis{setzer:thesis,
  author =   {Anton Setzer},
  title =    {Proof theoretical strength of {Martin-L\"of Type Theory}
                  with W-type and one universe},
  school =   {Fakult\"at f\"ur Mathematik der Ludwig-Maximilians-Universit\"at
                  M\"unchen},
  year =     1993
}

@Unpublished{setzeruppermahlo,
  author =   {Setzer, A.},
  title =    {A Model for a type theory with {M}ahlo Universe},
  note =     {Draft},
  year =     {1996}
}


@article{smith:jsl,
author  = "Jan Smith",
title   = "An interpretation of {M}artin-{L}{\"o}f's type theory in a type-free
       theory of propositions",
journal = "Journal of Symbolic Logic",
year    = 1984,
volume  = 49,
number  = 3,
pages   = "730-753"}

@article{smith:notredame,
author  = "Jan Smith",
title   = "Propositional Functions and Families of Types",
journal = "Notre Dame Journal of Formal Logic",
year    = 1989,
volume  = 30,
number  = 3,
pages   = "442-458"}

@Article{smith:peano,
  author =   {Jan Smith},
  title =    {The independence of {Peano's} fourth axiom from {Martin-L\"of's}
                  type theory without universes},
  journal =      {Journal of Symbolic Logic},
  year =     1988,
  volume =   49,
  number =   3
}



@phdthesis{smith:thesis,
author  = "Jan Smith",
title   = "On the relation between a type theoretic and a logical formulation
       of the theory of constructions",
school  = "Department of Mathematics, University of G{\"o}teborg",
year    = 1978}

@inproceedings{smyth:barcelona,
author  = "Michael B. Smyth",
title   = "Power domains and predicate transformers: a topological view",
booktitle = "Automata, Languages and Programming, Proceedings of the
         10th International Colloquium",
year    = 1983,
pages   = "662-675",
publisher = "Springer-Verlag, LNCS 154",
editor  = "J. Diaz",
month   = "July"}

@inproceedings{spector:consistency,
author  = "Clifford Spector",
title   = "Provably recursive functionals of analysis: a consistency
proof of analysis by an extension of principles formulated in
current intuitionistic mathematics",
booktitle = "Recursive Function Theory",
year    = 1961,
pages   = "1-27",
publisher = "AMS",
editor  = "J.C.E. Decker"}
@Book{stoy,
  author =   {Joseph E. Stoy},
  title =    {Denotational Semantics: The Scott-Strachey Approach to Programming Language
Theory},
  publisher =    {The MIT Press},
  year =     {1977},
  OPTkey =   {},
  OPTeditor =    {},
  OPTvolume =    {},
  OPTnumber =    {},
  OPTseries =    {},
  OPTaddress =   {},
  OPTedition =   {},
  OPTmonth =     {},
  OPTnote =      {},
  OPTannote =    {}
}

@book{streicher:semtt,
author = "Thomas Streicher",
title  = "Semantics of Type Theory",
publisher = "{Birkh\"auser}",
year = 1991}

@phdthesis{streicher:thesis,
author  = "Thomas Streicher",
title   = "Correctness and Completeness of a Categorical Semantics of the
       Calculus of Constructions",
school  = "{Fakult\"at f\"ur Mathematik und Informatik, Universit\"at Passau}",
year    = 1988}

@inproceedings{szasz:edinburgh,
    AUTHOR = {Nora Szasz},
    TITLE = {{A Machine Checked Proof that Ackermann's Function is
not Primitive Recursive}},
    BOOKTITLE = {Proceedings of the Second Workshop on Logical Frameworks},
    YEAR    = {1992},
    EDITOR = {G. Huet and G. Plotkin},
    PUBLISHER= {Cambridge University Press}
}


@book{tait:lnm,
    AUTHOR = {Tait, W. W.},
    TITLE = {Normal Derivability in Classical Logic},
    BOOKTITLE = {Lecture Notes in Mathematics 72},
    YEAR    = {1968},
    EDITOR = {J. Barwise},
    PUBLISHER= {Springer}
}

@unpublished{takayama:jsc,
author = "Yukihide Takayama",
title = "Extraction of Redundancy-free Programs from Constructive
    Natural Deduction Proofs",
note    = "Submitted for publication in Journal of Symbolic Computation"}

@article{tarski:sp,
author = "Alfred Tarski",
title   = "Der Wahrheitsbegriff in den formalisierten Sprachen",
journal = "Studia Philosophica",
volume  = 1,
year    = 1936,
pages   = "261-405"}

@unpublished{martinlof:gbg92,
author  = "Martin-L{\"o}f, Per",
title   = "Substitution Calculus",
note    = "Notes from a lecture given in {G}{\"o}teborg",
year    = 1992,
month   = "November"}

@TechReport{tasistro:lic,
  author =   "Alvaro Tasistro",
  title =    "Formulation of {Martin-L\"of's} Theory of Types with
          Explicit Substitutions",
  institution =  "Department of Computer Sciences, Chalmers University
          of Technology and University of {G\"oteborg}",
  year =     "1993"
}

@unpublished{voevodsky:c-systems,
author = {Vladimir Voevodsky},
title = {Subsystems and regular quotients of {C}-systems},
note = {ArXiv, abs/1406.7413},
year = 2014
}

@article{thatcher:tcs,
author = "Thatcher, J. W. and Wagner, E. G. and Wright, J. B.",
title   = "More on advice on structuring compilers and proving them correct",
journal = "Theoretical Computer Science",
volume  = 15,
year    = 1981,
pages   = "223-249"}

@book{thompson:book,
author = "Simon Thompson",
title = "Type Theory and Functional Programming",
publisher = "Addison Wesley",
year = 1991}

@article{troelstra:tcs,
author  = "Troelstra, A. S.",
title   = "On the Syntax of {M}artin-{L\"of's} Type Theories",
journal = "Theoretical Computer Science",
year    = 1987,
volume  = 51,
pages   = "1-26"}

@unpublished{voevodsky:initiality,
author = "Vladimir Voevodsky",
title = "MODELS, INTERPRETATIONS AND THE INITIALITY CONJECTURES",
note = "Notes from a lecture at the 2017 Logic Colloquium in Stockholm, special session on Category Theory and Type Theory in honor of Per Martin-Löf on his 75th birthday.
\url{https://www.math.ias.edu/Voevodsky/files/files-annotated/Dropbox/Unfinished_papers/Type_systems/Notes_on_Type_Systems/2017_LC_Martin-Lof_special_session/BSL_extended_abstract.pdf}",
month = "August",
year = 2017}

@incollection{wadler:absint,
booktitle= "Abstract Interpretation of Declarative Languages",
title   = "Strictness Analysis on Non-Flat Domains (by Abstract Interpretation
      over Finite Domains)",
author  = "Philip L. Wadler",
editor  = "S. Abramsky and C. Hankin",
chapter = 12,
pages   = "266-275",
publisher = "Ellis Horwood",
year    = 1987}

@inproceedings{wadler:popl,
title   = "Strictness Analysis Aids Time Analysis",
booktitle = "Principles of Programming Languages, Proceedings",
author  = "Philip L. Wadler",
year    = 1988}

@inproceedings{wadler:portland,
title   = "Projections for Strictness Analysis",
booktitle = "Functional Programming Languages
         and Computer Architecture",
author  = "Philip L. Wadler and R. John M. Hughes",
editor  = "G. Kahn",
publisher = "Springer-Verlag, LNCS 274",
year    = 1987,
pages   = "385-407",
month   = "September"}


@MastersThesis{wahlstedt:masters,
  author =   {David Wahlstedt},
  title =    {Detecting termination using size-change in parameter values},
  school =   {Chalmers University of Technology},
  year =     2000,
  month =    {October}
}

@book{webb:book,
author = "J.C. Webb",
title  = "Mechanism, Mentalism and Metamathematics",
publisher = "D. Reidel Publishing Company",
year = 1980}

@InCollection{werner:bastad,
  author =   "Benjamin Werner",
  title =    "A normalization proof for an impredicative type
          system with large elimination over integers",
  OPTcrossref =  "",
  OPTkey =   "",
  booktitle =    "Proceedings of the 1992 Workshop on Proofs and Programs",
  publisher =    "Department of Computer Sciences, Chalmers University
          of Technology",
  year =     "1992",
  editor =   "Bengt {Nordstr\"om} and Kent Petersson and Gordon Plotkin",
  OPTvolume =    "",
  OPTnumber =    "",
  OPTseries =    "",
  OPTtype =      "",
  OPTchapter =   "",
  pages =    "361-377",
  OPTaddress =   "",
  OPTedition =   "",
  month =    "June",
  OPTnote =      "",
  OPTannote =    ""
}



@book{winskel:fspl,
author = "Glynn Winskel",
title = "The Formal Semantics of Programming Languages, an Introduction",
publisher = "MIT Press",
year = 1993}

@inproceedings{wraith:manchester,
author = "Gavin C. Wraith",
title = "A note on categorical datatypes",
booktitle = "Category Theory and Computer Science, Proceedings",
year = 1989,
note = "LNCS 389",
editor = "D. H. Pitt and D.E. Rydeheard and P. Dybjer and A.M. Pitts and A. {Poign\'e}"}

@article{seely:lccc,
author = "Robert Seely",
title = "Locally cartesian closed categories and type theory",
journal = "Math. Proc. Cambridge Philos. Soc.",
year = 1984,
volume = 95,
number = 1,
pages = "33-48"
}

@inproceedings{coq86,
  author    = {Thierry Coquand},
  title     = {An Analysis of Girard's Paradox},
  booktitle = {Proceedings of the Symposium on Logic in Computer Science {(LICS}
               '86), Cambridge, Massachusetts, USA, June 16-18, 1986},
  pages     = {227--236},
  publisher = {{IEEE} Computer Society},
  year      = {1986},
  timestamp = {Thu, 22 Jan 2015 10:44:13 +0100},
  biburl    = {https://dblp.org/rec/conf/lics/Coquand86.bib},
  bibsource = {dblp computer science bibliography, https://dblp.org}
}


@misc{herbelin05,
      title={{Type inference with algebraic universes in the Calculus of Inductive Constructions}},
      author={Hugo Herbelin},
      year={2005},
      note={unpublished note}
 }

@inproceedings{Courant02,
  author    = {Judica{\"{e}}l Courant},
  editor    = {Victor Carre{\~{n}}o and
               C{\'{e}}sar A. Mu{\~{n}}oz and
               Sofi{\`{e}}ne Tahar},
  title     = {Explicit Universes for the Calculus of Constructions},
  booktitle = {Theorem Proving in Higher Order Logics, 15th International Conference,
               TPHOLs 2002, Hampton, VA, USA, August 20-23, 2002, Proceedings},
  series    = {Lecture Notes in Computer Science},
  volume    = {2410},
  pages     = {115--130},
  publisher = {Springer},
  year      = {2002},
  url       = {https://doi.org/10.1007/3-540-45685-6\_9},
  doi       = {10.1007/3-540-45685-6\_9},
  timestamp = {Tue, 14 May 2019 10:00:48 +0200},
  biburl    = {https://dblp.org/rec/conf/tphol/Courant02.bib},
  bibsource = {dblp computer science bibliography, https://dblp.org}
}

@article{Simpson04,
   title={Computer Theorem Proving in Mathematics},
   volume={69},
   ISSN={1573-0530},
   url={http://dx.doi.org/10.1007/s11005-004-0607-9},
   DOI={10.1007/s11005-004-0607-9},
   number={1-3},
   journal={Letters in Mathematical Physics},
   publisher={Springer Science and Business Media LLC},
   author={Simpson, Carlos},
   year={2004},
   month={Jul},
   pages={287–315} }

@phdthesis{Thire20,
  author    = {Fran{\c{c}}ois Thir{\'{e}}},
  title     = {Interoperability between proof systems using the logical framework
               Dedukti. (Interop{\'{e}}rabilit{\'{e}} entre syst{\`{e}}mes
               de preuve en utilisant le cadre logique Dedukti)},
  school    = {{\'{E}}cole normale sup{\'{e}}rieure Paris-Saclay, Cachan,
               France},
  year      = {2020},
  url       = {https://tel.archives-ouvertes.fr/tel-03224039},
  timestamp = {Mon, 12 Jul 2021 17:36:37 +0200},
  biburl    = {https://dblp.org/rec/phd/hal/Thire20.bib},
  bibsource = {dblp computer science bibliography, https://dblp.org}
}

@article{abel18,
  author    = {Andreas Abel and
               Joakim {\"{O}}hman and
               Andrea Vezzosi},
  title     = {Decidability of conversion for type theory in type theory},
  journal   = {Proc. {ACM} Program. Lang.},
  volume    = {2},
  number    = {{POPL}},
  pages     = {23:1--23:29},
  year      = {2018},
  url       = {https://doi.org/10.1145/3158111},
  doi       = {10.1145/3158111},
  timestamp = {Wed, 17 Feb 2021 08:53:57 +0100},
  biburl    = {https://dblp.org/rec/journals/pacmpl/0001OV18.bib},
  bibsource = {dblp computer science bibliography, https://dblp.org}
}

@inbook{coq91,
        place={Cambridge},
        title={An algorithm for testing conversion in type theory},
	DOI={10.1017/CBO9780511569807.011},
	booktitle={Logical Frameworks}, publisher={Cambridge University Press},
	author={Coquand, Thierry},
	editor={Huet, Gerard and Plotkin, G.Editors},
	year={1991},
	pages={255–279}}

@article{coq18,
  author    = {Thierry Coquand},
  title     = {Canonicity and normalization for dependent type theory},
  journal   = {Theoretical Computer Science},
  volume    = {777},
  pages     = {184--191},
  year      = {2019},
  url       = {https://doi.org/10.1016/j.tcs.2019.01.015},
  doi       = {10.1016/j.tcs.2019.01.015},
  timestamp = {Wed, 03 Jul 2019 14:50:25 +0200},
  biburl    = {https://dblp.org/rec/journals/tcs/Coquand19.bib},
  bibsource = {dblp computer science bibliography, https://dblp.org}
}

@unpublished{Carneiro19,
  title={The Type Theory of {Lean}},
  author={Mario Carneiro},
  year={2019},
  note={Master Thesis, Carnegie-Mellon University},
  school={Carnegie-Mellon University}}


@inproceedings{AspertiRCT11,
  author       = {Andrea Asperti and
                  Wilmer Ricciotti and
                  Claudio Sacerdoti Coen and
                  Enrico Tassi},
  editor       = {Nikolaj S. Bj{\o}rner and
                  Viorica Sofronie{-}Stokkermans},
  title        = {The Matita Interactive Theorem Prover},
  booktitle    = {Automated Deduction - {CADE-23} - 23rd International Conference on
                  Automated Deduction, Wroclaw, Poland, July 31 - August 5, 2011. Proceedings},
  series       = {Lecture Notes in Computer Science},
  volume       = {6803},
  pages        = {64--69},
  publisher    = {Springer},
  year         = {2011},
  url          = {https://doi.org/10.1007/978-3-642-22438-6\_7},
  doi          = {10.1007/978-3-642-22438-6\_7},
  timestamp    = {Thu, 14 Apr 2022 20:26:15 +0200},
  biburl       = {https://dblp.org/rec/conf/cade/AspertiRCT11.bib},
  bibsource    = {dblp computer science bibliography, https://dblp.org}
}

@article{AspertiRC14,
  author       = {Andrea Asperti and
                  Wilmer Ricciotti and
                  Claudio Sacerdoti Coen},
  title        = {Matita Tutorial},
  journal      = {J. Formaliz. Reason.},
  volume       = {7},
  number       = {2},
  pages        = {91--199},
  year         = {2014},
  url          = {https://doi.org/10.6092/issn.1972-5787/4651},
  doi          = {10.6092/issn.1972-5787/4651},
  timestamp    = {Sat, 09 Apr 2022 12:30:29 +0200},
  biburl       = {https://dblp.org/rec/journals/jfrea/AspertiRC14.bib},
  bibsource    = {dblp computer science bibliography, https://dblp.org}
}

@incollection{BaaderS94,
  author       = {Franz Baader and
                  J{\"{o}}rg H. Siekmann},
  editor       = {Dov M. Gabbay and
                  Christopher J. Hogger and
                  J. A. Robinson and
                  J{\"{o}}rg H. Siekmann},
  title        = {Unification theory},
  booktitle    = {Handbook of Logic in Artificial Intelligence and Logic Programming,
                  Volume2, Deduction Methodologies},
  pages        = {41--126},
  publisher    = {Oxford University Press},
  year         = {1994},
  timestamp    = {Tue, 06 May 2008 12:18:07 +0200},
  biburl       = {https://dblp.org/rec/books/ox/LAI2Hb1994/BaaderS94.bib},
  bibsource    = {dblp computer science bibliography, https://dblp.org}
}


@article{Cardelli87,
  author       = {Luca Cardelli},
  title        = {Basic Polymorphic Typechecking},
  journal      = {Sci. Comput. Program.},
  volume       = {8},
  number       = {2},
  pages        = {147--172},
  year         = {1987},
  url          = {https://doi.org/10.1016/0167-6423(87)90019-0},
  doi          = {10.1016/0167-6423(87)90019-0},
  timestamp    = {Wed, 17 Feb 2021 21:56:17 +0100},
  biburl       = {https://dblp.org/rec/journals/scp/Cardelli87.bib},
  bibsource    = {dblp computer science bibliography, https://dblp.org}
}

@incollection{CCD:lambek,
  author       = {Simon Castellan and
                  Pierre Clairambault and
                  Peter Dybjer},
  title        = {Categories with Families: Unityped, Simply Typed, and Dependently
                  Typed},
  booktitle 	= {The Interplay of Mathematics, Logic, and Linguistics},
  series = {Outstanding Contributions to Logic},
  editor = {Claudia Casadio and Philip J. Scott},
  publisher     = {Springer},
  volume       = {20},
  year         = {2021}
}

@inproceedings{castellan:warsaw,
  author    = {Simon Castellan and
               Pierre Clairambault and
               Peter Dybjer},
  title     = {Undecidability of Equality in the Free Locally Cartesian Closed Category},
  booktitle = {13th International Conference on Typed Lambda Calculi and Applications,
               {TLCA} 2015, July 1-3, 2015, Warsaw, Poland},
  pages     = {138--152},
  year      = {2015}
}

@misc{deBoer:lic,
  author  = "Menno de Boer",
  title   = "A Proof and Formalization of the Initiality Conjecture of Dependent Type Theory",
  school  = "Department of Mathematics, Stockholm University",
  year    = 2020,
  note = "Licentiate dissertation"
}

@article{Palmgren19,
  author       = {Erik Palmgren},
  title        = {Categories with families and first-order logic with dependent sorts},
  journal      = {Ann. Pure Appl. Log.},
  volume       = {170},
  number       = {12},
  year         = {2019},
  url          = {https://doi.org/10.1016/j.apal.2019.102715},
  doi          = {10.1016/J.APAL.2019.102715},
  timestamp    = {Sun, 19 Jan 2025 14:25:18 +0100},
  biburl       = {https://dblp.org/rec/journals/apal/Palmgren19.bib},
  bibsource    = {dblp computer science bibliography, https://dblp.org}
}

@article{gambino-aczel,
author = {Nicola Gambino and Peter Aczel},
title = {The generalised type-theoretic interpretation of constructive set theory},
year = {2006},
journal = {The Journal of Symbolic Logic},
volume = 71,
number = 1,
pages = {67-103}
}

@inproceedings{belo,
author = {J.F. Belo}, 
year = 2008,
title = {Dependently Sorted Logic},
editors = {M. Miculan and I. Scagnetto and F. Honsell},
booktitle = {TYPES 2007},
series = {LNCS},
volume = {4941}, 
pages = {33–50}, 
publisher = {Springer}
}

@inproceedings{makkai:folds,
author = {Michael Makkai},
year = 1998,
title = {Towards a categorical foundation of mathematics},
editors = {J. A. Makowski and E. V. Ravve},
booktitle = {Logic Colloquium ’95},
series = {Lecture Notes in Logic 11},
publisher = {Springer-Verlag},
pages = {153-190}
}

