@misc{agda:unimath,
  author = {Rijke, Egbert and Bonnevier, Elisabeth and Prieto-Cubides, Jonathan and Bakke, Fredrik and {others}},
  license = {MIT},
  title = {{Univalent mathematics in {A}gda}},
  howpublished = {\url{https://github.com/UniMath/agda-unimath/}}
}

@misc{hott:agda,
title = {{HoTT-Agda}},
author = {{The {HoTT-Agda} Community}},
howpublished = {\url{https://github.com/HoTT/HoTT-Agda}}
}

@misc{cubical:agda,
title = {A standard library for {C}ubical {A}gda},
author = {{The Cubical Agda Community}},
howpublished = {\url{https://github.com/agda/cubical}}
}

@misc{agda:1lab,
  author = {{The 1Lab Development Team}},
  title = {{The 1Lab}},
  howpublished = {\url{https://1lab.dev}}
}

@misc{agda:stdlib,
title = {{A}gda Standard Library},
author = {{The Agda Community}},
howpublished = {\url{https://github.com/agda/agda-stdlib}}
}

@misc{agda-manual,
  author = {Agda team},
  title = "The {Agda} Manual",
  url = {https://agda.readthedocs.io/en/v2.6.2.1/}
}

@misc{coq:general,
title = {Coq},
author = {{The Coq Community}},
howpublished = {\url{https://coq.inria.fr}}
}

@misc{coq:univpoly,
title = {Explicit Universes},
author = {Matthieu Sozeau},
howpublished = {\url{https://coq.inria.fr/refman/addendum/universe-polymorphism.html\#explicit-universes}}
}

@article{hott:uf:in:agda,
  author       = {Mart{\'{\i}}n H{\"{o}}tzel Escard{\'{o}}},
  title        = {Introduction to Univalent Foundations of Mathematics with 
                     {A}gda},
  journal      = {CoRR},
  volume       = {abs/1911.00580 (\url{http://arxiv.org/abs/1911.00580})},
  year         = {2019},
  url          = {http://arxiv.org/abs/1911.00580},
  eprinttype    = {arXiv},
  eprint       = {1911.00580},
  timestamp    = {Mon, 11 Nov 2019 18:38:09 +0100},
  biburl       = {https://dblp.org/rec/journals/corr/abs-1911-00580.bib},
  bibsource    = {dblp computer science bibliography, https://dblp.org}
}

@misc{TypeTopology,
  title =     {{TypeTopology}},
  author =     {Mart\'in H\"otzel Escard\'o and others},
  note =     {Agda development},
  howpublished = {\url{https://www.cs.bham.ac.uk/~mhe/TypeTopology/index.html}},
  addendum =     {\url{https://github.com/martinescardo/TypeTopology}}
}

@article{coquand:tcs2019,
  author    = {Thierry Coquand},
  title     = {Canonicity and normalization for dependent type theory},
  journal   = {Theoretical Computer Science},
  volume    = {777},
  pages     = {184--191},
  year      = {2019},
  doi       = {doi.org/10.1016/j.tcs.2019.01.015}
}

@InProceedings{SozeauTabareau:coq,
author={Matthieu Sozeau and Nicolas Tabareau},
title="Universe Polymorphism in {Coq}",
booktitle="Interactive Theorem Proving (ITP)",
year="2014",
howpublished = {\url{https://sozeau.gitlabpages.inria.fr/www/research/publications/drafts/univpoly.pdf}}
}

@InProceedings{FBB:impred2pred,
author={Thiago Felicissimo and Frédéric Blanqui and Ashish Kumar Barnawal},
title={Translating proofs from an impredicative type system to a predicative one},
booktitle="Computer Science Logic (CSL)",
year="2023",
howpublished = {\url{https://arxiv.org/abs/2211.05700}}
}

@InProceedings{moura:lean,
author = {Leonardo de Moura and Soonho Kong and Jeremy Avigad and
    Floris van Doorn and Jakob von Raumer},
title = "The {Lean} Theorem Prover (system description)",
booktitle = "25th International Conference on Automated Deduction (CADE-25)",
  series    = {Lecture Notes in Computer Science},
  volume    = {9195},
  pages     = {378--388},
year = 2015,
howpublished = {\url{https://leanprover.github.io/papers/system.pdf}}
}

@article{bezem:hofmann,
      title={On Generalized Algebraic Theories and Categories with Families},
      author={Marc Bezem and Thierry Coquand and Peter Dybjer and Martín Escardó},
      year={2021},
      journal={Mathematical Structures in Computer Science},
      doi = {https://doi.org/10.1017/S0960129521000268}
 }

@book{giraud:cohom-non-abel,
author = {Jean Giraud},
title = {Cohomologie non abélienne},
publisher = {Springer},
year = 1971,
doi = {10.1007/978-3-662-62103-5}
}

@article{bezem-coquand:lattices,
  author    = {Marc Bezem and
               Thierry Coquand},
  title     = {Loop-checking and the uniform word problem for join-semilattices with an inflationary endomorphism},
  journal   = {Theoretical Computer Science},
  volume    = {913},
  number    = {},
  pages     = {1--7},
  doi       = {10.1016/j.tcs.2022.01.017},
  year      = {2022}
}

@article{waterhouse:sheaves,
  author    = {William C. Waterhouse},
  title     = {Basically bounded functors and flat sheaves},
  journal   = {Pacific Math. J},
  volume    = {57},
  number    = {2},
  pages     = {597--610},
  year      = {1975}
}

@Misc{chambert-loir:universes-matter,
  author = {Antoine Chambert-Loir},
  title = {A presheaf that has no associated sheaf},
  howpublished = {\url{https://freedommathdance.blogspot.com/2013/03/a-presheaf-that-has-no-associated-sheaf.html}},
  year = {2013}
}

@article{abel18,
  author    = {Andreas Abel and
               Joakim {\"{O}}hman and
               Andrea Vezzosi},
  title     = {Decidability of conversion for type theory in type theory},
  journal   = {Proceedings of the {ACM} on Programming Languages},
  volume    = {2},
  number    = {{POPL}},
  pages     = {23:1--23:29},
  year      = {2018},
  url       = {https://doi.org/10.1145/3158111},
  doi       = {10.1145/3158111},
  timestamp = {Wed, 17 Feb 2021 08:53:57 +0100},
  biburl    = {https://dblp.org/rec/journals/pacmpl/0001OV18.bib},
  bibsource = {dblp computer science bibliography, https://dblp.org}
}

@inproceedings{Assaf14,
  author    = {Ali Assaf},
  title     = {A Calculus of Constructions with Explicit Subtyping},
  booktitle = {20th International Conference on Types for Proofs and Programs, {TYPES}},
  pages     = {27--46},
  year      = {2014}
}

@incollection{BaaderS94,
  author       = {Franz Baader and
                  J{\"{o}}rg H. Siekmann},
  title        = {Unification theory},
  booktitle    = {Handbook of Logic in Artificial Intelligence and Logic
                  Programming, Volume 2, Deduction Methodologies},
  pages        = {41--126},
  publisher    = {Oxford University Press},
  year         = {1994},
  timestamp    = {Tue, 06 May 2008 12:18:07 +0200},
  biburl       = {https://dblp.org/rec/books/ox/LAI2Hb1994/BaaderS94.bib},
  bibsource    = {dblp computer science bibliography, https://dblp.org}
}

@Misc{bcde:largegroup,
  author = {Marc Bezem and Thierry Coquand and Peter Dybjer and Martín Escardó},
  title = {The {Burali-Forti} argument in {HoTT/UF} with applications to the type of groups in a universe},
  howpublished = {\url{https://www.cs.bham.ac.uk/~mhe/TypeTopology/Ordinals.BuraliForti.html}},
  year = 2022
}

@article{Cardelli87,
  author       = {Luca Cardelli},
  title        = {Basic Polymorphic Typechecking},
  journal      = {Science of Computer Programming},
  volume       = {8},
  number       = {2},
  pages        = {147--172},
  year         = {1987},
  url          = {https://doi.org/10.1016/0167-6423(87)90019-0},
  doi          = {10.1016/0167-6423(87)90019-0},
  timestamp    = {Wed, 17 Feb 2021 21:56:17 +0100},
  biburl       = {https://dblp.org/rec/journals/scp/Cardelli87.bib},
  bibsource    = {dblp computer science bibliography, https://dblp.org}
}

@unpublished{Carneiro19,
  title={The Type Theory of {Lean}},
  author={Mario Carneiro},
  year={2019},
  note={Master Thesis, Carnegie-Mellon University},
  school={Carnegie-Mellon University}}

 @Article{church:formulation,
  author =   {Alonzo Church},
  title =    {A Formulation of the Simple Theory of Types},
  journal =      {Journal of Symbolic Logic},
  year =     1940,
  volume =   5,
  pages =    {56-68}
}

@inproceedings{Courant02,
  author    = {Judica{\"{e}}l Courant},
  title     = {Explicit Universes for the Calculus of Constructions},
  booktitle = {Theorem Proving in Higher Order Logics, TPHOLs},
  series    = {Lecture Notes in Computer Science},
  volume    = {2410},
  pages     = {115--130},
  publisher = {Springer},
  year      = {2002},
  url       = {https://doi.org/10.1007/3-540-45685-6\_9},
  doi       = {10.1007/3-540-45685-6\_9},
  timestamp = {Tue, 14 May 2019 10:00:48 +0200},
  biburl    = {https://dblp.org/rec/conf/tphol/Courant02.bib},
  bibsource = {dblp computer science bibliography, https://dblp.org}
}

@phdthesis{Girard71,
author  = "Girard, Jean-Yves",
title   = "Th\`ese d'\'Etat",
school  = "Universit\'e Paris VII",
year    = 1971}

@article{HarperP91,
   author = {Robert Harper and Robert Pollack},
   title = {Type checking with universes},
   journal = {Theoretical Computer Science},
   volume = 89,
   year = 1991,
   pages = {107-136},
   publisher = {Elsevier}
}

@unpublished{Huet87,
   author = {G\'erard Huet},
   title = {Extending the calculus of constructions with {Type:Type}},
   note = {unpublished manuscript},
   month = {April},
   year = 1987
}

@Misc{VV,
  author = {Vladimir Voevodsky},
  title = {Universe polymorphic type system},
  howpublished = {\url{http://www.math.ias.edu/Voevodsky/voevodsky-publications_abstracts.html\#UPTS}},
  year = {2014}
}

@misc{herbelin05,
      title={{Type inference with algebraic universes in the Calculus of Inductive Constructions}},
      author={Hugo Herbelin},
      year={2005},
      howpublished={\url{http://pauillac.inria.fr/~herbelin/articles/univalgcci.pdf}}
 }


@unpublished{ML71,
title = {A Theory of Types},
author = {Per Martin-{L\"of}},
note = {Preprint, Stockholm University},
year = 1971
}

@unpublished{ML71a,
title = {On the strength of intuitionistic reasoning},
author = {Per Martin-{L\"of}},
note = {Preprint, Stockholm University},
year = 1971
}

@unpublished{ML72,
title = {An Intuitionistic Theory of Types},
author = {Per Martin-{L\"of}},
note = {Preprint, Stockholm University},
year = 1972
}

@inproceedings{martinlof:predicative,
author  = "Martin-L{\"o}f, Per",
title   = "An Intuitionistic Theory of Types: Predicative Part",
booktitle= "Logic Colloquium `73",
year    = 1975,
pages   = "73-118",
editor = "H. E. Rose and J. C. Shepherdson",
publisher = "North Holland"}

@inproceedings{martinlof:hannover,
author  = "Martin-L{\"o}f, Per",
title   = "Constructive Mathematics and Computer Programming",
booktitle= "Logic, Methodology and Philosophy of Science, VI, 1979",
year    = 1982,
pages   = "153-175",
publisher = "North-Holland"}

@book{martinlof:padova,
author  = "Martin-L{\"o}f, Per",
title   = "Intuitionistic Type Theory",
year    = 1984,
publisher = "Bibliopolis"}

@article{Simpson04,
   title={Computer Theorem Proving in Mathematics},
   volume={69},
   ISSN={1573-0530},
   url={http://dx.doi.org/10.1007/s11005-004-0607-9},
   DOI={10.1007/s11005-004-0607-9},
   number={1-3},
   journal={Letters in Mathematical Physics},
   publisher={Springer Science and Business Media LLC},
   author={Simpson, Carlos},
   year={2004},
   month={Jul},
   pages={287–315} }

@phdthesis{Thire20,
  author    = {Fran{\c{c}}ois Thir{\'{e}}},
  title     = {Interoperability between proof systems using the logical framework
               Dedukti. (Interop{\'{e}}rabilit{\'{e}} entre syst{\`{e}}mes
               de preuve en utilisant le cadre logique Dedukti)},
  school    = {{\'{E}}cole normale sup{\'{e}}rieure Paris-Saclay, Cachan,
               France},
  year      = {2020},
  url       = {https://tel.archives-ouvertes.fr/tel-03224039},
  timestamp = {Mon, 12 Jul 2021 17:36:37 +0200},
  biburl    = {https://dblp.org/rec/phd/hal/Thire20.bib},
  bibsource = {dblp computer science bibliography, https://dblp.org}
}

@book{streicher:semtt,
author = "Thomas Streicher",
title  = "Semantics of Type Theory",
publisher = "{Birkh\"auser}",
year = 1991}

